=LDR  01815cam a22004093  4500
=001  002885669
=003  Uk
=005  20220211123437.0
=008  891031s1885\\\\gw\o\\\||\\\\\|||\||eng\\
=019  x\$a256115002X
=040  \\$aUk$beng$cUk$dUk
=100  10$aPetersen, Hans.
=245  10$aAfricas Westküste.
=264  \1$aHamburg :$bVerlag von Otto Meissner,$c1885.
=300  \\$a56 sheets :$bchiefly photographs ;$c23 x 30 cm (oblong 4º)
=336  \\$atext$2rdacontent
=337  \\$aunmediated$2rdamedia
=338  \\$asheet$2rdacarrier
=500  \\$aCover and 56 leaves (with letterpress captions) on which photographs are mounted.
=500  \\$aPhotographs: Photographie & Verlag von W. Breuning Wwe Hamburg.
=690  7\$aPhotographically Illustrated Books collection$2blcoll
=852  41$aBritish Library$bHMNTS$j10097.m.9.
=883  1\$aUpgraded from Photographically Illustrated Books catalogue record 1377$d20210808
=985  \\$aAmended for Work Request 20211368 2022-02
=985  \\$aNotes from photographically illustrated books catalogue, relating to copy at 10097.m.9:Hamburg: Verlag von Otto Meissner ..., 1885. 56 plates. obl. 4º (23 x 30 cm). ; P (n.d.) ; Photographs: Photographie & Verlag von W. Breuning Wwe Hamburg. ; BLC book# ; Treated by Moors 17.3.87.# Silver-safe interleaving. 1/10/2000, now OK
=985  \\$aRecord amended for WR\ 13/070
=CAT  \\$aCONV$b00$c20040502$lBLL01$h0952
=CAT  \\$aBLC-CORR3$c20071210$lBLL01$h0932
=CAT  \\$aBATCH$b00$c20091130$lBLL01$h0203
=CAT  \\$aWR13_070$b00$c20130504$lBLL01$h0112
=CAT  \\$aW1807-0595$c20180718$lBLL01$h1734
=CAT  \\$a14185$b40$c20220211$lBLL01$h1234
=FIN  \\$aY
=FMT  \\$a  BK
=LAS  \\$a14185$b40$c20220211$lBLL01$h1234
=LEO  \\$aMP1.0003070381
=SRC  \\$aBLS01$bbibmp1.200404.2.ad

