=LDR  02212cas a22005297a 4500
=001  003642275
=003  Uk
=005  20220317100313.0
=007  ta
=008  941221d19651974rm\uu\\\\\\\\\0\\\b0rum\\
=019  x\$a3263440241
=022  \\$y1220-1863$y1224-2004
=040  \\$aUk$beng$cUk$dUk
=042  \\$aukblsr
=245  00$aStudii s̡i materiale.
=260  \\$aTîrgu-Mures̡ :$bMuzeul Regional TG-Mureş,$c1965-1974.
=260  3\$aTîrgu-Mures̡ :$bMuzeul Judeţean Tîrgu-Mureş
=300  \\$billustrations (black and white), maps (black and white) ;$c24 cm.
=336  \\$atext$2rdacontent
=337  \\$aunmediated$2rdamedia
=338  \\$avolume$2rdacarrier
=362  0\$a1 (1965)-
=500  \\$aIssued by the Muzeu Regional Tîrga-Mures̡, then Muzeu Judetean Tîrgu-Mures̡.
=588  \\$aLatest issue consulted: Vol. 3/4.
=650  \0$aRomania$xAntiquities$vPeriodicals.
=650  \0$aRomania$xHistory$vPeriodicals.
=710  2\$aMuzeu Regional Tîrgu-Mures̡ (TÎRGU-MURES̡)
=710  2\$aMuzeu Judetean Tîrgu-Mures̡.
=720  \\$aSTUDII
=785  00$tMarisia. Studii s̡i materiale. Arheologie, istorie, etnografie$x1016-9652
=852  41$aBritish Library$bHMNTS$jX.700/20374.$3Vol. 1 (1965), vol 3/4 (1972) Wanting Vol. 2, (1967)***Bound volume. Wanting v. 2 (1967)
=886  2\$2blmarc$a709$b00$aSTUDII$pX.700/20374.$x3162580358
=886  2\$2blmarc$a709$b00$aTÎRGU-MURES̡$dMuzeu Regional Tîrgu-Mures̡$pUnallocated$x3263440268$pX.700/20374.$x3263440268
=985  \\$aISSN has c/t from 1967 (1220-1863 to 1224-2004). BL was not following this c/t (decided not to separate as issues are bound in single volume) CS
=985  \\$aCorrected by MS generated file for WR# 11.211
=985  \\$aDisaggregated record: Type B
=CAT  \\$aCONV$b00$c20040502$lBLL01$h1009
=CAT  \\$aBATCH$b00$c20091203$lBLL01$h0042
=CAT  \\$aWR11_211$c20120829$lBLL01$h1619
=CAT  \\$aBLSS-CORR$b00$c20120829$lBLL01$h1634
=CAT  \\$a8124$b40$c20220317$lBLL01$h1000
=CAT  \\$a8124$b40$c20220317$lBLL01$h1003
=FIN  \\$aY
=FMT  \\$a  SE
=LAS  \\$a8124$b40$c20220317$lBLL01$h1003
=LEO  \\$aMP1.0003892990
=SRC  \\$aBLS01$bbibmp1.200404.2.ae

