=LDR  03094cas a2200757 i 4500
=001  004044655
=003  Uk
=005  20181121110617.0
=007  ta
=008  980424c19709999rm\mr\p\r\b\\\0\\\b0rum\\
=019  x\$a3623270091
=022  \\$a0010-8243
=040  \\$aUk$beng$cUk$dUk$erda
=042  \\$aukblsr
=130  0\$aConvorbiri literare (Iași, Romania : 1970)
=222  \0$aConvorbiri literare$b(Print)
=245  10$aConvorbiri literare :$brevistă a uniunii scriitorilor din România.
=260  \\$aIas̡i :$bUniunea Scriitorilor din Republica Socialistă România,$c1970-
=260  3\$31990-$aIas̡i :$bUniunea Scriitorilor din România
=300  \\$avolumes :$billustrations (black and white) ;$c27 cm
=310  \\$aMonthly,$b2002-
=321  \\$aWeekly,$b15 Feb. 1990-
=336  \\$atext$2rdacontent
=337  \\$aunmediated$2rdamedia
=338  \\$avolume$2rdacarrier
=362  0\$aAn 1, no. 1 (mai 1970)-
=500  \\$aVols. for 1970-71 called Serie nouă in continuation of an earlier publication with the same title.
=504  \\$aIncludes bibliographical references.
=530  \\$aAlso available online.
=550  \\$a"Revistă lunară a Uniunii scriitorilor din Republica Socialistă România."
=588  \\$aDescription based on: Anul 149:Number 12(2015:Dec.).
=650  \0$aRomanian literature$xHistory and criticism$vPeriodicals.
=650  \0$aRomanian literature$vPeriodicals.
=710  2\$aUniunea Scriitorilor din România,$eissuing body,$epublisher.
=710  2\$aUniunea Scriitorilor din Republica Socialistă România.
=780  00$tIaşul literar$x0536-227X
=852  41$aBritish Library$bHMNTS$jZF.9.d.129.$31970, no.1-8; 1971 no.1-12; 1975, no.1-1990, no.25; 1991, no.4,9-25-
=856  \\$ahttp://convorbiri-literare.ro/
=985  \\$aISSN from back cover.
=CAT  \\$aCONV$b00$c20040502$lBLL01$h1020
=CAT  \\$a8874$b40$c20061124$lBLL01$h0913
=CAT  \\$a8874$b40$c20061124$lBLL01$h0936
=CAT  \\$a8874$b40$c20061124$lBLL01$h0949
=CAT  \\$a8874$b40$c20061124$lBLL01$h0951
=CAT  \\$a8874$b40$c20061124$lBLL01$h0952
=CAT  \\$a9207$b40$c20071205$lBLL01$h1605
=CAT  \\$aBATCH-UPD$b40$c20080224$lBLL01$h1826
=CAT  \\$aBATCH$b00$c20091203$lBLL01$h2351
=CAT  \\$a13151$b40$c20140310$lBLL01$h1123
=CAT  \\$a13151$b40$c20140722$lBLL01$h1529
=CAT  \\$aBATCH-UPD$b40$c20141211$lBLL01$h1819
=CAT  \\$a13151$b40$c20150218$lBLL01$h1238
=CAT  \\$a13151$b40$c20151112$lBLL01$h1326
=CAT  \\$a13151$b40$c20151112$lBLL01$h1330
=CAT  \\$a13151$b40$c20160208$lBLL01$h1522
=CAT  \\$a13151$b40$c20160208$lBLL01$h1523
=CAT  \\$a8874$b40$c20160715$lBLL01$h0900
=CAT  \\$a8874$b40$c20181121$lBLL01$h1103
=CAT  \\$a8874$b40$c20181121$lBLL01$h1106
=FIN  \\$aY$d20140310
=FMT  \\$a  SE
=LAS  \\$a8874$b40$c20181121$lBLL01$h1106
=LEO  \\$aMP1.0004331769
=LKR  \\$aPAR$b003143620$lBLL01$r78000$mConvorbiri literare (Iași, Romania : 1970)$nIaşul literar
=SRC  \\$aBLS01$bbibmp1.200404.2.ae
=TCO  \\$aXXX$c008

