=LDR  01844ccm a2200529ua 4500
=001  005300017
=003  Uk
=005  20220725160106.0
=008  000112s1998\\\\xxu||a\||hi||||||\\\eng\\
=019  3\$amu9960297
=019  m\$aM08020533
=019  m\$aM09320090
=020  \\$a0895793938 :$cNo price
=040  \\$aUk$cUk$dUk
=082  04$a782.5265$221
=100  1\$aAldrich, Henry,$d1648-1710.
=240  10$aVocal music.$kSelections
=245  10$aSelected anthems and motet recompositions /$cedited by Robert Shay.
=260  \\$aMadison, Wis. :$bA-R Editions,$cc1998.
=300  \\$a1 score (xiv,120 p.) :$bfacsims. ;$c31 cm.
=336  \\$anotated music$2rdacontent
=337  \\$aunmediated$2rdamedia
=338  \\$avolume$2rdacarrier
=490  0\$aRecent researches in the music of the baroque era,$x0147-0078 ;$vv. 85
=500  \\$aIncludes motet recompositions of works by Carissimi, Palestrina and Byrd.
=650  \0$aAnthems.
=650  \0$aMotets.
=650  \0$aChoruses, Sacred (Mixed voices)
=700  1\$aShay, Robert Stuart.
=852  41$aBritish Library$bDSC$cMUSIC$jH06/0525
=852  41$aBritish Library$bMUSIC$jG.1490./85$oG
=985  \\$aIncorrect ISSN; should be 0484-0828
=CAT  \\$aCONV$b00$c20040502$lBLL01$h1053
=CAT  \\$aglobal_upd$b40$c20060416$lBLL01$h2033
=CAT  \\$a10750$b40$c20090703$lBLL01$h0911
=CAT  \\$a10750$b40$c20090722$lBLL01$h0909
=CAT  \\$a10750$b40$c20090731$lBLL01$h1556
=CAT  \\$aBATCH$b00$c20091118$lBLL01$h0005
=CAT  \\$a10804$b40$c20180314$lBLL01$h1158
=CAT  \\$aBATCH-UPD$b40$c20180314$lBLL01$h1548
=CAT  \\$aMFISHER$b40$c20220725$lBLL01$h1601
=FIN  \\$aY
=FMT  \\$a  MU
=LAS  \\$aMFISHER$b40$c20220725$lBLL01$h1601
=LEO  \\$aMP14.0000277810
=SRC  \\$aCMC01$bbibmp14.200404.2.aa
=SRC  \\$aDSC Music (UCM)$b20090327

