=LDR  02795cas a22006973  4500
=001  005408385
=003  Uk
=005  20221231143111.0
=008  040409c20159999xxuau\p|\|\\\\1\\\a0eng\\
=019  c\$a2615395
=022  \\$a2150-4474
=040  \\$aUk$cUk
=222  \2$aA collection of technical papers$b(AIAA Aerodynamic Decelerator Systems Technology Conference and Seminar)
=245  00$aAIAA AERODYNAMIC DECELERATOR SYSTEMS TECHNOLOGY CONFERENCE AND SEMINAR
=264  \1$aNew York :$bAIAA,$c2015
=336  \\$atext$2rdacontent
=337  \\$aunmediated$2rdamedia
=338  \\$avolume$2rdacarrier
=540  \\$aCurrent Copyright Fee: GBP25.00$c0$5Uk
=595  \\$aSEE ALSO CONF INDEX AND 6369.400000
=852  41$aBritish Library$bDSC$j0772.414000
=886  2\$2blmarc$a959
=945  \\$aAIAA AERODYNAMIC DECELERATOR SYSTEMS TECHNOLOGY CONFERENCE AND SEMINAR
=959  \\$fCurrently received
=985  \\$aISSN added for ETOC services (Richard Brown (Leeds), Serials Cataloguing)
=A02  \\$a2615395
=ACF  \\$aPrevious copyright fee: GBP12.30$c0$e21-jan-2015$fGBP12.30$g0$hA$5Uk
=ACF  \\$aPrevious Copyright Fee: GBP15.00$c0$e01-jan-2017$fGBP15.00$g0$hA$5Uk
=ACF  \\$aPrevious Copyright Fee: GBP17.50$c0$e01-jan-2018$fGBP17.50$g0$hA$5Uk
=ACF  \\$aPrevious Copyright Fee: GBP20.00$c0$e01-jan-2020$fGBP20.00$g0$hA$5Uk
=CAT  \\$aCONV$b00$c20040502$lBLL01$h1100
=CAT  \\$aBATCH$b00$c20091205$lBLL01$h2335
=CAT  \\$aWR12-140$c20121031$lBLL01$h1340
=CAT  \\$aWR13.005$c20130323$lBLL01$h1523
=CAT  \\$a8411$b40$c20160121$lBLL01$h1622
=CAT  \\$a8411$b40$c20160121$lBLL01$h1623
=CAT  \\$a10806$b40$c20160126$lBLL01$h1348
=CAT  \\$a10806$b40$c20160126$lBLL01$h1351
=CAT  \\$a5410$b40$c20160126$lBLL01$h1415
=CAT  \\$aBATCH-CLA$b00$c20161222$lBLL01$h1558
=CAT  \\$aIPL-CLA$c20161230$lBLL01$h1509
=CAT  \\$aBATCH-CLA$b00$c20171222$lBLL01$h1845
=CAT  \\$aIPL-CLA$c20171231$lBLL01$h1100
=CAT  \\$aBATCH-CLA$b00$c20191219$lBLL01$h1518
=CAT  \\$aIPL-CLA$c20191231$lBLL01$h1521
=CAT  \\$aR2001-1524$c20200127$lBLL01$h1907
=CAT  \\$aBATCH-CLA$b00$c20201204$lBLL01$h1304
=CAT  \\$aIPL-CLA$c20201231$lBLL01$h1517
=CAT  \\$a8411$b40$c20210811$lBLL01$h1501
=CAT  \\$a8411$b40$c20220613$lBLL01$h0913
=CAT  \\$aBATCH-CLA$b00$c20221221$lBLL01$h1600
=CAT  \\$aIPL-CLA$c20221231$lBLL01$h1431
=CFI  0\$aCurrent Copyright Fee: GBP25.00$c0$e01-jan-2023$fGBP25.00$g0$hA$5Uk
=CFI  2\$aPrevious Copyright Fee: GBP22.50$c0$e01-jan-2021$fGBP22.50$g0$hA$5Uk
=FIN  \\$aY
=FMT  \\$a  SE
=LAS  \\$aIPL-CLA$b00$c20221231$lBLL01$h1431
=LEO  \\$aMP10.0000038900
=SRC  \\$aDSS01$bbibmp10.200404.2.aa
=TCO  \\$aZZZ$c008
=TOC  \\$aETOC

