=LDR  04711cas a2201081 a 4500
=001  005418586
=003  Uk
=005  20221231143113.0
=007  ta
=008  040908c20039999enkar\p\\\\\\\0\\\a0eng\\
=010  \\$a2004263218
=019  c\$a3023194
=022  \\$a1448-8353
=040  \\$aUk$cUk$dUk
=050  14$aTA1$b.A9592
=082  04$a624.05$222
=222  \0$aAustralian journal of civil engineering
=245  00$aAustralian journal of civil engineering /$cInstitution of Engineers, Australia.
=260  \\$aCrows Nest, NSW :$bEngineers Media,$cc2003-
=264  31$a[Abingdon] :$b[Taylor & Francis]
=300  \\$av. :$bill. ;$c30 cm.
=310  \\$aAnnual,$b2013-
=321  \\$aSemiannual,$b2012
=321  \\$aAnnual,$b2003-2011
=336  \\$atext$2rdacontent
=337  \\$aunmediated$2rdamedia
=338  \\$avolume$2rdacarrier
=362  0\$aVol. 1, no. 1 (2003)-
=500  \\$aLatest issue consulted: Vol. 2, no. 1 (2005).
=540  \\$aCurrent copyright fee: GBP43.00$c2\0$5Uk
=550  \\$aJournal of Engineers Australia Civil College.
=650  \0$aCivil engineering$vPeriodicals.
=650  \0$aCivil engineering$zAustralia$vPeriodicals.
=710  2\$aInstitution of Engineers Australia.$bCivil College,$eissuing body.
=710  2\$aInstitution of Engineers Australia.
=776  08$iAlso issued online as:$tAustralian journal of civil engineering (Online)$x2204-2245
=780  00$tAustralian civil engineering transactions$x1440-7027
=852  41$aBritish Library$bDSC$j1806.150000$3Vol. 2 (2005)-v. 13, no. 1 (2015)
=856  \\$31850-9999$uhttp://www.tandfonline.com/$xBLDSS
=945  \\$aAustralian journal of civil engineering
=959  \\$fHeld but not currently received
=985  \\$aSuspect ISSN?
=ACF  \\$aPrevious copyright fee: GBP9.00$c0$e01-apr-2010$fGBP9.00$g0$hA$5Uk
=ACF  \\$aPrevious copyright fee: GBP6.00$c0$e01-apr-2008$fGBP6.00$g0$hA$5Uk
=ACF  \\$aPrevious Copyright Fee: GBP5.00$c0$e14-jan-2004$fGBP5.00$g0$hA$5Uk
=ACF  \\$aPrevious copyright fee: GBP10.50$c0$e01-jan-2011$fGBP10.50$g0$hA$5Uk
=ACF  \\$aPrevious copyright fee: GBP12.00$c0$e01-jan-2012$fGBP12.00$g0$hA$5Uk
=ACF  \\$aCurrent Copyright Fee: GBP35.65$c0$e01-jan-2016$fGBP35.65$g0$hC$5Uk
=ACF  \\$aPrevious Copyright Fee: GBP12.30$c0$e01-jan-2014$fGBP12.30$g0$hA$5Uk
=ACF  \\$aPrevious copyright fee: GBP26.00$c2\0$e23-feb-2016$fGBP26.00$g0$hP$5Uk
=ACF  \\$aPrevious copyright fee: GBP31.00$c2\0$e01-apr-2016$fGBP31.00$g0$hP$5Uk
=ACF  \\$aPrevious copyright fee: GBP33.00$c2\0$e01-jan-2017$fGBP33.00$g0$hP$5Uk
=ACF  \\$aPrevious copyright fee: GBP35.00$c2\0$e01-jan-2018$fGBP35.00$g0$hP$5Uk
=ACF  \\$aPrevious copyright fee: GBP37.00$c2\0$e01-jan-2019$fGBP37.00$g0$hP$5Uk
=ACF  \\$aPrevious copyright fee: GBP39.00$c2\0$e01-jan-2020$fGBP39.00$g0$hP$5Uk
=CAT  \\$aCONV$b00$c20040502$lBLL01$h1100
=CAT  \\$aIPL-CLA$c20131231$lBLL01$h1602
=CAT  \\$aBATCH-CLA$b00$c20151127$lBLL01$h1627
=CAT  \\$aIPL-CLA$c20151231$lBLL01$h1838
=CAT  \\$a6558$b40$c20160118$lBLL01$h1032
=CAT  \\$a8323$b40$c20160121$lBLL01$h0928
=CAT  \\$a8323$b40$c20160121$lBLL01$h1029
=CAT  \\$a12654$b40$c20160223$lBLL01$h0945
=CAT  \\$a5552$b40$c20160229$lBLL01$h1448
=CAT  \\$aBLDSS-3PM$b00$c20160302$lBLL01$h1647
=CAT  \\$aIPL-CLA$c20160331$lBLL01$h1559
=CAT  \\$aBATCH-UPD$b00$c20161122$lBLL01$h1501
=CAT  \\$aBATCH-UPD$b00$c20161122$lBLL01$h1518
=CAT  \\$aIPL-CLA$c20161230$lBLL01$h1510
=CAT  \\$aBATCH-UPD$b00$c20161230$lBLL01$h1542
=CAT  \\$aBATCH-UPD$b00$c20170127$lBLL01$h1629
=CAT  \\$aBATCH-UPD$b00$c20171121$lBLL01$h1651
=CAT  \\$aIPL-CLA$c20171231$lBLL01$h1100
=CAT  \\$aBATCH-UPD$b00$c20181217$lBLL01$h1641
=CAT  \\$aIPL-CLA$c20181231$lBLL01$h1519
=CAT  \\$aBATCH-UPD$b00$c20191122$lBLL01$h1903
=CAT  \\$aIPL-CLA$c20191231$lBLL01$h1522
=CAT  \\$aBATCH-UPD$b00$c20201118$lBLL01$h1337
=CAT  \\$aIPL-CLA$c20201231$lBLL01$h1517
=CAT  \\$aBATCH-UPD$b00$c20221121$lBLL01$h1336
=CAT  \\$aIPL-CLA$c20221231$lBLL01$h1431
=CFI  0\$aCurrent copyright fee: GBP43.00$c2\0$e01-jan-2023$fGBP43.00$g0$hP$5Uk
=CFI  2\$aPrevious copyright fee: GBP41.00$c2\0$e01-jan-2021$fGBP41.00$g0$hP$5Uk
=FFP  \\$aY$bBLDSS-3PM
=FIN  \\$aY
=FMT  \\$a  SE
=LAS  \\$aIPL-CLA$b00$c20221231$lBLL01$h1431
=LEO  \\$aMP10.0000083686
=LKR  \\$aPAR$b010471796$lBLL01$r78000$mAustralian journal of civil engineering$nAustralian civil engineering transactions
=SID  \\$aZ39$bOCLC
=SRC  \\$aDSS01$bbibmp10.200404.2.aa
=TCO  \\$aAUS$bCAL$c008
=TOC  \\$aETOC

