=LDR  06643cas a2201429 a 4500
=001  005470579
=003  Uk
=005  20230511162532.0
=006  m\\\\\o\\d\\\\\\\\
=007  cr\cn|||||||||
=008  031201c20029999xx\qr\pso\\\\\0\\\a0eng\c
=010  \\$a  2004243290
=015  \\$aGBB605097$2bnb
=016  7\$a101213922$2DNLM
=016  7\$a2135788-2$2DE-600
=019  c\$a3019059
=022  0\$a1609-4069$l1609-4069
=035  \\$a(OCoLC)53807142
=037  \\$aIJQ$bSage (UK) Ltd
=040  \\$aOUN$beng$cOUN$dNLM$dCGU$dOCL$dOCLCQ$dHEBIS$dOCLCQ$dOCLCO$dOCLCF$dOCLCO$dUk
=041  0\$aeng$amul
=042  \\$aukblsr
=050  \4$aH1
=060  10$aW1
=082  04$a300.72$223
=222  \0$aInternational journal of qualitative methods
=245  00$aInternational journal of qualitative methods$h[electronic resource].
=246  1\$iCalled also:$aIJQM
=260  \\$a[Edmonton] :$bInternational Institute for Qualitative Methodology, University of Alberta,$c2002-
=264  31$a[Place of publication not identified] :$bSAGE Publications Inc
=310  \\$aQuarterly
=336  \\$atext$2rdacontent
=337  \\$acomputer$2rdamedia
=338  \\$aonline resource$2rdacarrier
=362  0\$aVol. 1, issue 1 (Mar. 2002)-
=500  \\$aTitle from title screen (publisher Web site, viewed Apr. 20, 2004).
=538  \\$aMode of access: World Wide Web; may require Adobe Acrobat Reader.
=540  \\$aCurrent copyright fee: zero$c103\0$5Uk
=546  \\$aText chiefly in English with some articles, additional titles and/or abstracts in various other languages; browsing interface in several languages.
=588  \\$aLatest issue consulted: volume 14, no. 5 (December 2015) (SAGE journals, viewed January 7, 2016).
=650  \0$aQualitative research$vPeriodicals.
=650  \0$aSocial sciences$xPhilosophy$vPeriodicals.
=650  \0$aSocial sciences$xResearch$vPeriodicals.
=650  \0$aSocial sciences$xStatistical methods$vPeriodicals.
=650  12$aQualitative Research$vPeriodicals.
=650  \7$aQualitative research.$2fast$0(OCoLC)fst01084940
=650  \7$aSocial sciences$xPhilosophy.$2fast$0(OCoLC)fst01122940
=650  \7$aSocial sciences$xResearch.$2fast$0(OCoLC)fst01122944
=655  \7$aPeriodicals.$2fast$0(OCoLC)fst01411641
=710  2\$aInternational Institute for Qualitative Methodology.
=852  41$aBritish Library$bHMNTS$jELD Digital store$3Volume 12:Issue 1(2013)-
=856  \\$31850-9999$uhttp://www.sagepublications.com/$xBLDSS
=856  40$uhttp://ijq.sagepub.com/
=856  40$uhttp://www.ualberta.ca/%7Eijqm/
=859  \\$aELD$bejournal
=945  \\$aINTERNATIONAL JOURNAL OF QUALITATIVE METHODS.
=979  \\$aBritish Library$bDSC$j4542.509600N
=985  \\$aOriginally had print 337,338 fields, but only an ISSN for online record, so must be online record - neg suppressed originally.
=A02  \\$a3019059
=ACF  \\$aPrevious Copyright Fee: GBP3.00$c0$e01-oct-2011$fGBP3.00$g0$hC$5Uk
=ACF  \\$aPrevious Copyright Fee: GBP3.00$c0$e01-apr-2011$fGBP3.00$g0$hC$5Uk
=ACF  \\$aPrevious Copyright Fee: GBP3.00$c0$e01-jan-2011$fGBP3.00$g0$hC$5Uk
=ACF  \\$aPrevious Copyright Fee: GBP3.00$c0$e01-oct-2010$fGBP3.00$g0$hC$5Uk
=ACF  \\$aPrevious Copyright Fee: GBP3.00$c0$e01-jul-2010$fGBP3.00$g0$hC$5Uk
=ACF  \\$aPrevious Copyright Fee: GBP3.00$c0$e01-apr-2010$fGBP3.00$g0$hC$5Uk
=ACF  \\$aPrevious Copyright Fee: GBP3.00$c0$e01-Jan-2010$fGBP3.00$g0$hC$5Uk
=ACF  \\$aPrevious Copyright Fee: GBP3.57$c0$e01-jul-2009$fGBP3.57$g0$hC$5Uk
=ACF  \\$aPrevious Copyright Fee: GBP3.57$c0$e01-apr-2009$fGBP3.57$g0$hC$5Uk
=ACF  \\$aPrevious Copyright Fee: GBP3.13$c0$e01-jan-2009$fGBP3.13$g0$hC$5Uk
=ACF  \\$aPrevious Copyright Fee: GBP2.50$c0$e01-oct-2008$fGBP2.50$g0$hC$5Uk
=ACF  \\$aPrevious Copyright Fee: GBP1.30$c0$e01-jul-2008$fGBP1.30$g0$hC$5Uk
=ACF  \\$aPrevious Copyright Fee: GBP1.30$c0$e01-apr-2008$fGBP1.30$g0$hC$5Uk
=ACF  \\$aPrevious Copyright Fee: GBP1.30$c0$e01-jan-2008$fGBP1.30$g0$hC$5Uk
=ACF  \\$aPrevious Copyright Fee: GBP1.30$c0$e01-oct-2007$fGBP1.30$g0$hC$5Uk
=ACF  \\$aPrevious Copyright Fee: GBP1.30$c0$e01-jul-2007$fGBP1.30$g0$hC$5Uk
=ACF  \\$aPrevious Copyright Fee: GBP1.33$c0$e01-apr-2007$fGBP1.33$g0$hC$5Uk
=ACF  \\$aPrevious Copyright Fee: GBP1.41$c0$e01-jan-2007$fGBP1.41$g0$hC$5Uk
=ACF  \\$aPrevious Copyright Fee: GBP1.41$c0$e01-oct-2006$fGBP1.41$g0$hC$5Uk
=ACF  \\$aPrevious Copyright Fee: GBP1.49$c0$e01-jul-2006$fGBP1.49$g0$hC$5Uk
=ACF  \\$aPrevious Copyright Fee: GBP1.49$c0$e01-apr-2006$fGBP1.49$g0$hC$5Uk
=ACF  \\$aPrevious copyright fee: GBP5.00$c0$e02-sep-2003$fGBP5.00$g0$hA$5Uk
=ACF  \\$aPrevious Copyright Fee: GBP3.00$c0$e01-jul-2011$fGBP3.00$g0$hC$5Uk
=CAT  \\$aCONV$b00$c20040502$lBLL01$h1101
=CAT  \\$aIPL-CLA$c20100930$lBLL01$h1439
=CAT  \\$aBATCH-CLA$b00$c20101115$lBLL01$h1606
=CAT  \\$aIPL-CLA$c20101231$lBLL01$h1126
=CAT  \\$aBATCH-CLA$b00$c20110228$lBLL01$h1536
=CAT  \\$aIPL-CLA$c20110331$lBLL01$h1420
=CAT  \\$aBATCH-CLA$b00$c20110531$lBLL01$h1639
=CAT  \\$aIPL-CLA$c20110630$lBLL01$h1501
=CAT  \\$aBATCH-CLA$b00$c20110831$lBLL01$h1747
=CAT  \\$aIPL-CLA$c20110930$lBLL01$h1459
=CAT  \\$aWR12-140$c20121031$lBLL01$h1713
=CAT  \\$aBATCH-CLA$b00$c20121102$lBLL01$h1751
=CAT  \\$aWR12_168$c20121206$lBLL01$h1806
=CAT  \\$aWR13.005$c20130329$lBLL01$h1234
=CAT  \\$aBATCH-CLA$b00$c20151127$lBLL01$h1628
=CAT  \\$aIPL-CLA$c20151231$lBLL01$h1838
=CAT  \\$a3072$b40$c20160107$lBLL01$h1705
=CAT  \\$a3072$b40$c20160107$lBLL01$h1706
=CAT  \\$a10983$b40$c20160112$lBLL01$h1528
=CAT  \\$a5552$b40$c20160217$lBLL01$h0908
=CAT  \\$aBLDSS-3PM$b00$c20160225$lBLL01$h1642
=CAT  \\$aBATCH-UPD$b00$c20160413$lBLL01$h1759
=CAT  \\$aBATCH-UPD$b00$c20160524$lBLL01$h2302
=CAT  \\$aBATCH-UPD$b00$c20160525$lBLL01$h0656
=CAT  \\$aW1711-1005$c20171206$lBLL01$h1814
=CAT  \\$aBATCH-FIX$c20230511$lBLL01$h1625
=CFI  0\$aCurrent copyright fee: zero$c103\0$e17-feb-2016$fGBP0.00$g0$hP$5Uk
=CFI  2\$aPrevious Copyright Fee: GBP19.00$c0$e01-jan-2016$fGBP19.00$g0$hC$5Uk
=FFP  \\$aY$bBLDSS-3PM
=FIN  \\$aY
=FMT  \\$a  SE
=LAS  \\$aBATCH-FIX$b00$c20230511$lBLL01$h1625
=LEO  \\$aMP10.0000295946
=LET  \0$aInternational journal of qualitative methods (Electronic)
=MNI  \\$a1609-4069
=SID  \\$aZ39$bOCLC
=SRC  \\$aDSS01$bbibmp10.200404.2.aa
=TCO  \\$aCAN$bAccess$c008
=TOC  \\$aETOC
=UNO  \\$aY

