=LDR  04792cas a22010697a 4500
=001  005481303
=003  Uk
=005  20230623135025.0
=007  ta
=008  040409c199u9999ko\qr\p\\\\\\\0\\\a0eng\\
=019  c\$a2598371
=022  0\$a1226-119X
=040  \\$aUk$beng$cUk
=222  \0$aYu'byeon'hag
=245  00$aKorea-Australia rheology journal.
=260  \\$a[Korea] :$bThe Korean Society of Rheology
=300  \\$av. :$bill. ;$c29 cm.
=310  \\$aQuarterly
=336  \\$atext$2rdacontent
=337  \\$aunmediated$2rdamedia
=338  \\$avolume$2rdacarrier
=500  \\$aDescription based on: Vol. 14, no. 1 (Mar. 2002)
=540  \\$aCurrent copyright fee: GBP29.95$c22\1$5Uk
=550  \\$a"... the official transactions co-published ... by the Korean Society of Rheology and the Australian Society of Rheology."--Cover.
=650  \0$aRheology$vPeriodicals.
=710  2\$aKorean Society of Rheology.
=710  2\$aAustralian Society of Rheology.
=780  00$tYu-byeon-hag$x1226-119X
=852  41$aBritish Library$bDSC$j5113.450500$3Vol. 14, no. 1 (2002)-v. 33, no. 4 (2021)
=856  \\$31850-9999$uhttp://www.springer.com/gb/$xBLDSS
=945  \\$aKorea Australia rheology journal
=959  \\$fHeld but not currently received
=985  \\$aCONFERENCE ANALYTIC RECORDS EXIST
=985  \\$aISSN UK: C/T not acknowledged by ISSN Korea hence 222/245 conflict
=A02  \\$a2598371
=ACF  \\$aCurrent copyright fee: GBP10.50$c0$e01-jan-2011$fGBP10.50$g0$hA$5Uk
=ACF  \\$aPrevious copyright fee: GBP9.00$c0$e01-apr-2010$fGBP9.00$g0$hA$5Uk
=ACF  \\$aPrevious copyright fee: GBP6.00$c0$e01-apr-2008$fGBP6.00$g0$hA$5Uk
=ACF  \\$aPrevious copyright fee: GBP5.00$c0$e01-oct-2002$fGBP5.00$g0$hA$5Uk
=ACF  \\$aPrevious copyright fee: GBP22.00$c22\3$e02-sep-2011$fGBP22.00$g0$hP$5Uk
=ACF  \\$aPrevious copyright fee: GBP22.00$c22\3$e12-aug-2012$fGBP22.00$g0$hP$5Uk
=ACF  \\$aPrevious copyright fee: GBP25.00$c22\3$e01-jan-2013$fGBP25.00$g0$hP$5Uk
=ACF  \\$aPrevious copyright fee: GBP25.77$c22\3$e01-jul-2013$fGBP25.77$g0$hP$5Uk
=ACF  \\$aPrevious copyright fee: GBP24.97$c22\3$e01-jan-2014$fGBP24.97$g0$hP$5Uk
=ACF  \\$aPrevious copyright fee: GBP24.21$c22\3$e01-jul-2014$fGBP24.21$g0$hP$5Uk
=ACF  \\$aPrevious copyright fee: GBP25.77$c22\3$e01-apr-2015$fGBP25.77$g0$hP$5Uk
=ACF  \\$aPrevious copyright fee: GBP26.63$c22\3$e01-jul-2015$fGBP26.63$g0$hP$5Uk
=ACF  \\$aPrevious copyright fee: GBP25.77$c22\3$e01-oct-2015$fGBP25.77$g0$hP$5Uk
=ACF  \\$aPrevious copyright fee: GBP27.55$c22\3$e01-apr-2016$fGBP27.55$g0$hP$5Uk
=ACF  \\$aPrevious copyright fee: GBP29.59$c22\3$e01-oct-2016$fGBP29.59$g0$hP$5Uk
=ACF  \\$aPrevious copyright fee: GBP31.96$c22\3$e01-apr-2017$fGBP31.96$g0$hP$5Uk
=ACF  \\$aPrevious copyright fee: GBP30.73$c22\3$e01-oct-2017$fGBP30.73$g0$hP$5Uk
=ACF  \\$aPrevious copyright fee: GBP28.54$c22\3$e01-apr-2018$fGBP28.54$g0$hP$5Uk
=CAT  \\$aCONV$b00$c20040502$lBLL01$h1102
=CAT  \\$aBATCH-UPD$b00$c20150219$lBLL01$h1738
=CAT  \\$aIPL-CLA$c20150331$lBLL01$h1517
=CAT  \\$aBATCH-UPD$b00$c20150520$lBLL01$h1746
=CAT  \\$aIPL-CLA$c20150630$lBLL01$h1602
=CAT  \\$aBATCH-UPD$b00$c20150820$lBLL01$h1833
=CAT  \\$aIPL-CLA$c20150930$lBLL01$h1647
=CAT  \\$aBATCH-UPD$b00$c20160217$lBLL01$h1723
=CAT  \\$aIPL-CLA$c20160331$lBLL01$h1600
=CAT  \\$aBATCH-UPD$b00$c20160413$lBLL01$h1759
=CAT  \\$aBATCH-UPD$b00$c20160524$lBLL01$h2201
=CAT  \\$aBATCH-UPD$b00$c20160524$lBLL01$h2308
=CAT  \\$aBATCH-UPD$b00$c20160824$lBLL01$h1751
=CAT  \\$aIPL-CLA$c20160930$lBLL01$h1503
=CAT  \\$a10806$b40$c20161216$lBLL01$h1544
=CAT  \\$a10806$b40$c20161216$lBLL01$h1548
=CAT  \\$aBATCH-UPD$b40$c20170216$lBLL01$h1839
=CAT  \\$aIPL-CLA$c20170331$lBLL01$h1750
=CAT  \\$aBATCH-UPD$b00$c20170904$lBLL01$h1847
=CAT  \\$aIPL-CLA$c20170929$lBLL01$h1630
=CAT  \\$aBATCH-UPD$b00$c20180223$lBLL01$h1709
=CAT  \\$aIPL-CLA$c20180331$lBLL01$h1519
=CAT  \\$aBATCH-UPD$b00$c20180524$lBLL01$h1710
=CAT  \\$aIPL-CLA$c20180630$lBLL01$h1850
=CAT  \\$aBATCH-UPD$b00$c20221121$lBLL01$h1352
=CAT  \\$aIPL-CLA$c20221231$lBLL01$h1431
=CAT  \\$a11385$b40$c20230623$lBLL01$h1350
=CAT  \\$a11385$b40$c20230623$lBLL01$h1350
=CFI  0\$aCurrent copyright fee: GBP29.95$c22\1$e01-jan-2023$fGBP29.95$g0$hP$5Uk
=CFI  2\$aPrevious copyright fee: GBP34.00$c22\1$e01-jul-2018$fGBP34.00$g0$hP$5Uk
=FFP  \\$aY$bBLDSS-3PM
=FIN  \\$aY
=FMT  \\$a  SE
=LAS  \\$a11385$b40$c20230623$lBLL01$h1350
=LEO  \\$aMP10.0000334402
=SRC  \\$aDSS01$bbibmp10.200404.2.aa
=TCO  \\$aXXX$c008
=TOC  \\$aETOC
=UNO  \\$aY

