=LDR  05054cai a2201057 a 4500
=001  005494386
=003  Uk
=005  20230210003921.0
=007  td
=008  040409c19959999enkuu\l\\f\\\\0\\\a2eng\\
=019  c\$a2580725
=022  0\$a1357-4450
=040  \\$aUk$beng$cUk
=042  \\$aukblsr
=082  04$a344.40472$222
=222  \0$aNational laws on the marketing and use of dangerous substances and preparations
=245  00$aNational laws on the marketing and use of dangerous substances and preparations /$c[edited by Sandro Amaducci].
=260  \\$aLondon :$bAgra Europe,$c[1995]-
=300  \\$av. (loose-leaf) ;$c21 cm.
=336  \\$atext$2rdacontent
=337  \\$aunmediated$2rdamedia
=338  \\$avolume$2rdacarrier
=500  \\$aSize for pages only, does not include binder.
=540  \\$aCurrent Copyright Fee: GBP25.00$c0$5Uk
=588  \\$aDescription based on: Vol. 2 of Main Work, updated to 2003.
=595  \\$aSEE CARD INDEX.
=650  \0$aHazardous substances$xLaw and legislation$zEuropean Union countries$vHandbooks, manuals, etc.
=650  \0$aHazardous substances$xMarketing$xLaw and legislation$zEuropean Union countries$vHandbooks, manuals, etc.
=700  1\$aAmaducci, Sandro.
=852  41$aBritish Library$bHMNTS$jZK.9.a.12990$3Vol. 2 (2003)
=945  \\$aNATIONAL LAWS ON THE MARKETING AND USE OF DANGEROUS SUBSTANCES AND PREPARATIONS.
=979  \\$aBritish Library$bDSC$j6026.169000N
=985  \\$aDO NOT MERGE with ISSN record #012917642.
=A02  \\$a2580725
=ACF  \\$aPrevious Copyright Fee: GBP12.00$c0$e01-apr-2012$fGBP12.00$g0$hC$5Uk
=ACF  \\$aPrevious Copyright Fee: GBP12.00$c0$e01-jan-2012$fGBP12.00$g0$hC$5Uk
=ACF  \\$aPrevious Copyright Fee: GBP10.50$c0$e01-oct-2011$fGBP10.50$g0$hC$5Uk
=ACF  \\$aPrevious Copyright Fee: GBP10.50$c0$e01-jul-2011$fGBP10.50$g0$hC$5Uk
=ACF  \\$aPrevious Copyright Fee: GBP10.50$c0$e01-jan-2011$fGBP10.50$g0$hC$5Uk
=ACF  \\$aPrevious Copyright Fee: GBP9.00$c0$e01-jul-2010$fGBP9.00$g0$hC$5Uk
=ACF  \\$aPrevious Copyright Fee: GBP9.00$c0$e01-apr-2010$fGBP9.00$g0$hC$5Uk
=ACF  \\$aPrevious Copyright Fee: GBP9.00$c0$e01-Jan-2010$fGBP9.00$g0$hC$5Uk
=ACF  \\$aPrevious Copyright Fee: GBP6.00$c0$e01-oct-2009$fGBP6.00$g0$hC$5Uk
=ACF  \\$aPrevious Copyright Fee: GBP6.00$c0$e01-jul-2009$fGBP6.00$g0$hC$5Uk
=ACF  \\$aBritish Library not licensed to copy$c0$e01-apr-2009$hC$iCLA Excluded$5Uk
=ACF  \\$aBritish Library not licensed to copy$c0$e29-may-2002$g0$hC$iCLA-excluded$5Uk
=ACF  \\$aCurrent copyright fee: GBP5.00$c0$e24-may-2002$fGBP5.00$g0$hC$5Uk
=ACF  \\$aBritish Library not licensed to copy$c0$e29-apr-1999$g0$iCLA-excluded$5Uk
=ACF  \\$aPrevious Copyright Fee: GBP12.00$c0$e01-jul-2012$fGBP12.00$g0$hC$5Uk
=ACF  \\$aPrevious Copyright Fee: GBP12.00$c0$e01-oct-2012$fGBP12.00$g0$hC$5Uk
=ACF  \\$aPrevious Copyright Fee: GBP12.30$c0$e01-jan-2014$fGBP12.30$g0$hC$5Uk
=ACF  \\$aPrevious Copyright Fee: GBP15.00$c0$e01-jan-2017$fGBP15.00$g0$hC$5Uk
=ACF  \\$aPrevious Copyright Fee: GBP17.50$c0$e01-jan-2018$fGBP17.50$g0$hC$5Uk
=ACF  \\$aPrevious Copyright Fee: GBP20.00$c0$e01-jan-2020$fGBP20.00$g0$hC$5Uk
=ACF  \\$aPrevious Copyright Fee: GBP22.50$c0$e01-jan-2021$fGBP22.50$g0$hC$5Uk
=CAT  \\$aCONV$b00$c20040502$lBLL01$h1102
=CAT  \\$aBATCH-CLA$b00$c20110831$lBLL01$h1812
=CAT  \\$a8124$b40$c20110915$lBLL01$h1023
=CAT  \\$aIPL-CLA$c20110930$lBLL01$h1459
=CAT  \\$aBATCH-CLA$b00$c20111130$lBLL01$h1221
=CAT  \\$aIPL-CLA$c20111230$lBLL01$h1634
=CAT  \\$aBATCH-CLA$b00$c20120229$lBLL01$h1631
=CAT  \\$aIPL-CLA$c20120330$lBLL01$h1346
=CAT  \\$aBATCH-CLA$b00$c20120531$lBLL01$h1721
=CAT  \\$aIPL-CLA$c20120629$lBLL01$h0941
=CAT  \\$aBATCH-CLA$b00$c20120831$lBLL01$h1550
=CAT  \\$aIPL-CLA$c20120930$lBLL01$h1948
=CAT  \\$aBATCH-CLA$b00$c20121103$lBLL01$h1040
=CAT  \\$aWR13.005$c20130329$lBLL01$h1250
=CAT  \\$aBATCH-CLA$b00$c20131129$lBLL01$h1701
=CAT  \\$aIPL-CLA$c20131231$lBLL01$h1613
=CAT  \\$aBATCH-CLA$b00$c20161130$lBLL01$h1646
=CAT  \\$aIPL-CLA$c20161230$lBLL01$h1516
=CAT  \\$aBATCH-CLA$b00$c20171130$lBLL01$h1715
=CAT  \\$aIPL-CLA$c20171231$lBLL01$h1106
=CAT  \\$aBATCH-CLA$b00$c20191129$lBLL01$h1630
=CAT  \\$aIPL-CLA$c20191231$lBLL01$h1526
=CAT  \\$aBATCH-CLA$b00$c20201126$lBLL01$h1421
=CAT  \\$aIPL-CLA$c20201231$lBLL01$h1653
=CAT  \\$aBATCH-CLA$b00$c20221130$lBLL01$h1458
=CAT  \\$aIPL-CLA$c20221231$lBLL01$h1616
=CAT  \\$aBATCH-CLA$b00$c20230209$lBLL01$h1545
=CAT  \\$aIPL-CLA$c20230210$lBLL01$h0039
=CFI  0\$aCurrent Copyright Fee: GBP25.00$c0$e09-feb-2023$fGBP25.00$g0$hC$5Uk
=CFI  2\$aBritish Library not licensed to copy$c0$e01-jan-2023$hC$iCFP Excluded$5Uk
=FIN  \\$aY
=FMT  \\$a  SE
=LAS  \\$aIPL-CLA$b00$c20230210$lBLL01$h0039
=LEO  \\$aMP10.0000391517
=SRC  \\$aDSS01$bbibmp10.200404.2.aa
=TCO  \\$aCLA$bCLA$cCLA

