=LDR  04827cas a2201117 a 4500
=001  005532299
=003  Uk
=005  20221231143134.0
=007  ta
=008  930421c19929999enktr\p\\\\\\\0\\\a0eng\\
=019  c\$a2574068
=022  0\$a1321-5906$l1321-5906$z1175-0944
=035  \\$a(OCoLC)173339631
=040  \\$aNz$beng$cUW1$dCUS$dOCLCQ$dOCLCF$dOCLCO$dUk
=042  \\$aukblsr
=043  \\$au-at---$au-nz---
=050  \4$aHD62.7
=082  04$a658.02209905$223
=210  0\$aSmall enterp. res.
=222  \0$aSmall enterprise research
=245  00$aSmall enterprise research :$bthe journal of SEAANZ.
=260  \\$aBrisbane :$bSchool of Accountancy, Queensland University of Technology ;$aCaulfield East, Vic. :$bSyme School of Accounting, Monash University,$c1992-
=264  31$aAbingdon, Oxon :$bRoutledge, Taylor & Francis Group
=300  \\$av. :$bill. ;$c25-26 cm.
=310  \\$aThree times a year
=321  \\$aSemiannual
=336  \\$atext$2rdacontent
=337  \\$aunmediated$2rdamedia
=338  \\$avolume$2rdacarrier
=362  0\$aVol. 1, no. 1 (winter 1992)-
=500  \\$aCover title.
=515  \\$aVol. 2, no. 1 and no. 2 (1993) published in one volume without seasonal designation.
=540  \\$aCurrent copyright fee: GBP37.00$c2\0$5Uk
=588  \\$aLatest issue consulted: volume 22, number 1 (2015).
=650  \0$aSmall business$zPacific Area$xPeriodicals.
=650  \0$aSmall business$xManagement$vPeriodicals.
=650  \7$aSmall business$xManagement.$2fast$0(OCoLC)fst01121306
=651  \7$aPacific Area.$2fast$0(OCoLC)fst01243504
=655  \7$aPeriodicals.$2fast$0(OCoLC)fst01411641
=690  7\$aManagement and Business Studies$2blcoll
=710  2\$aSmall Enterprise Association of Australia and New Zealand.
=776  08$iOnline version:$tSmall enterprise research$x2204-230X
=852  41$aBritish Library$bHMNTS$jZC.9.a.9491$3V.22, no. 1(2015)-v. 23, no. 3 (Dec. 2016)
=856  \\$31321-5906$uhttp://www.tandfonline.com/$xBLDSS
=945  \\$aSMALL ENTERPRISE RESEARCH.
=979  \\$aBritish Library$bDSC$j8309.984200N$xNot selected
=985  \\$aCorrected by BSS-generated file for WR# 10/166
=985  \\$aOnline ISSN 1175-0979 is work record on portal
=A02  \\$a2574068
=ACF  \\$aPrevious copyright fee: GBP5.00$c0$e01-oct-2002$fGBP5.00$g0$hC$5Uk
=ACF  \\$aPrevious copyright fee: GBP10.50$c0$e01-jan-2011$fGBP10.50$g0$hA$5Uk
=ACF  \\$aPrevious copyright fee: GBP12.00$c0$e01-jan-2012$fGBP12.00$g0$hA$5Uk
=ACF  \\$aPrevious Copyright Fee: GBP12.30$c0$e01-jan-2014$fGBP12.30$g0$hA$5Uk
=ACF  \\$aPrevious copyright fee: GBP25.00$c2\0$e01-jan-2015$fGBP25.00$g0$hP$5Uk
=ACF  \\$aPrevious copyright fee: GBP26.00$c2\0$e01-jan-2016$fGBP26.00$g0$hP$5Uk
=ACF  \\$aPrevious copyright fee: GBP28.00$c2\0$e01-jan-2017$fGBP28.00$g0$hP$5Uk
=ACF  \\$aPrevious copyright fee: GBP30.00$c2\0$e01-jan-2018$fGBP30.00$g0$hP$5Uk
=ACF  \\$aPrevious copyright fee: GBP32.00$c2\0$e01-jan-2019$fGBP32.00$g0$hP$5Uk
=ACF  \\$aPrevious copyright fee: GBP34.00$c2\0$e01-jan-2020$fGBP34.00$g0$hP$5Uk
=CAT  \\$aCONV$b00$c20040502$lBLL01$h1103
=CAT  \\$aIPL-CLA$c20131231$lBLL01$h1618
=CAT  \\$a5552$b40$c20141030$lBLL01$h1435
=CAT  \\$aBLDSS-3PM$b00$c20141130$lBLL01$h1242
=CAT  \\$a8874$b40$c20141201$lBLL01$h1018
=CAT  \\$aIPL-CLA$c20141231$lBLL01$h1624
=CAT  \\$a8124$b40$c20150902$lBLL01$h0932
=CAT  \\$aBATCH-MBS$c20150925$lBLL01$h2103
=CAT  \\$aBATCH-UPD$b00$c20151119$lBLL01$h1536
=CAT  \\$aIPL-CLA$c20151231$lBLL01$h1839
=CAT  \\$aBATCH-UPD$b00$c20160413$lBLL01$h1759
=CAT  \\$a3072$b40$c20160831$lBLL01$h1112
=CAT  \\$aBATCH-UPD$b40$c20161122$lBLL01$h1507
=CAT  \\$aIPL-CLA$c20161230$lBLL01$h1519
=CAT  \\$a5552$b40$c20171031$lBLL01$h1144
=CAT  \\$aBATCH-UPD$b40$c20171121$lBLL01$h1641
=CAT  \\$aIPL-CLA$c20171231$lBLL01$h1108
=CAT  \\$aBATCH-UPD$b00$c20181217$lBLL01$h1633
=CAT  \\$aIPL-CLA$c20181231$lBLL01$h1519
=CAT  \\$aBATCH-UPD$b00$c20191122$lBLL01$h1856
=CAT  \\$aIPL-CLA$c20191231$lBLL01$h1528
=CAT  \\$aBATCH-UPD$b00$c20201118$lBLL01$h1329
=CAT  \\$aIPL-CLA$c20201231$lBLL01$h1517
=CAT  \\$a10973$b40$c20210426$lBLL01$h1406
=CAT  \\$aBATCH-UPD$b40$c20221121$lBLL01$h1341
=CAT  \\$aIPL-CLA$c20221231$lBLL01$h1431
=CFI  0\$aCurrent copyright fee: GBP37.00$c2\0$e01-jan-2023$fGBP37.00$g0$hP$5Uk
=CFI  2\$aPrevious copyright fee: GBP35.00$c2\0$e01-jan-2021$fGBP35.00$g0$hP$5Uk
=FFP  \\$aY$bBLDSS-3PM
=FIN  \\$aY
=FMT  \\$a  SE
=LAS  \\$aIPL-CLA$b00$c20221231$lBLL01$h1431
=LEO  \\$aMP10.0000537785
=SID  \\$aZ39$bOCLC
=SRC  \\$aDSS01$bbibmp10.200404.2.aa
=TCO  \\$aAUS$bCAL$c008
=TOC  \\$aETOC

