=LDR  05823cas a2201249 a 4500
=001  005534675
=003  Uk
=005  20230511162537.0
=007  ta
=008  030913c19949999gw\fr\p\\\\\\\0\\\\0ger\d
=010  \\$a  2005238588
=019  c\$a2577007
=022  0\$a1438-1680
=035  \\$a(OCoLC)53020797
=040  \\$aNdU$cNdU$dOCoLC$dInU$dNLGGC$dTxU$dWaU$dUk
=042  \\$aukblsr
=050  14$aP51$b.L53
=130  0\$aSprache und Literatur (Paderborn, Germany)
=210  1\$aSprache Lit.$b(Paderborn, 1994)
=222  \0$aSprache und Literatur$b(Paderborn, 1994)
=245  10$aSprache und Literatur.
=246  13$aSprache und Literatur in Wissenschaft und Unterricht
=260  \\$aPaderborn :$bSchöningh :$bWilhelm Fink,$c1994-
=300  \\$av. ;$c24 cm.
=310  \\$aTwo no. a year
=336  \\$atext$2rdacontent
=337  \\$aunmediated$2rdamedia
=338  \\$avolume$2rdacarrier
=362  0\$a25. Jahrg., 2. Halbjahr (1994)- = 74-
=500  \\$aTitle from cover.
=500  \\$aEach issue has also a distinctive title.
=500  \\$aLatest issue consulted: 39. Jahrg., 2. Halbjahr (2008) = 102.
=515  \\$aSome numbers combined.
=540  \\$aCurrent Copyright Fee: GBP22.00$c74\0$5Uk
=595  \\$aFORMERLY 8419.86972 SEE CARD INDEX.
=650  \0$aLanguage and languages$xStudy and teaching$vPeriodicals.
=650  \0$aGerman language$vPeriodicals.
=780  00$tSprache und Literatur in Wissenschaft und Unterricht$x0724-9713
=852  41$aBritish Library$bHMNTS$jP.981/126$3Number 74 [19uu]-
=856  \\$31850-9999$uhttp://booksandjournals.brillonline.com/$xBLDSS
=945  \\$aSPRACHE UND LITERATUR -PADERBORN-.
=979  \\$aBritish Library$bDSC$j8419.869400N$xNot selected
=985  \\$aUnclear if true C/T really in 1994 or 2003 (BLL02 & ISSN/OCLC differ; unable to see items due to book moves)
=A02  \\$a2577007
=ACF  \\$aPrevious Copyright Fee: GBP15.00$c0$e01-jan-2017$fGBP15.00$g0$hA$5Uk
=ACF  \\$aPrevious Copyright Fee: GBP7.50$c0$e01-jan-2009$fGBP7.50$g0$hC$5Uk
=ACF  \\$aPrevious Copyright Fee: GBP6.00$c0$e01-oct-2008$fGBP6.00$g0$hC$5Uk
=ACF  \\$aPrevious Copyright Fee: GBP6.00$c0$e01-jul-2008$fGBP6.00$g0$hC$5Uk
=ACF  \\$aPrevious Copyright Fee: GBP6.00$c0$e01-apr-2008$fGBP6.00$g0$hC$5Uk
=ACF  \\$aPrevious Copyright Fee: GBP6.00$c0$e01-jan-2008$fGBP6.00$g0$hC$5Uk
=ACF  \\$aPrevious Copyright Fee: GBP6.00$c0$e01-oct-2007$fGBP6.00$g0$hC$5Uk
=ACF  \\$aPrevious Copyright Fee: GBP6.00$c0$e01-jul-2007$fGBP6.00$g0$hC$5Uk
=ACF  \\$aPrevious Copyright Fee: GBP6.15$c0$e01-apr-2007$fGBP6.15$g0$hC$5Uk
=ACF  \\$aPrevious Copyright Fee: GBP6.49$c0$e01-jan-2007$fGBP6.49$g0$hC$5Uk
=ACF  \\$aPrevious Copyright Fee: GBP6.49$c0$e01-oct-2006$fGBP6.49$g0$hC$5Uk
=ACF  \\$aPrevious Copyright Fee: GBP6.86$c0$e01-jul-2006$fGBP6.86$g0$hC$5Uk
=ACF  \\$aPrevious Copyright Fee: GBP4.57$c0$e01-apr-2006$fGBP4.57$g0$hC$5Uk
=ACF  \\$aPrevious Copyright Fee: GBP4.44$c0$e01-jan-2006$fGBP4.44$g0$hC$5Uk
=ACF  \\$aPrevious Copyright Fee: GBP4.32$c0$e01-oct-2005$fGBP4.32$g0$hC$5Uk
=ACF  \\$aPrevious Copyright Fee: GBP4.32$c0$e01-jul-2005$fGBP4.32$g0$hC$5Uk
=ACF  \\$aPrevious Copyright Fee: GBP4.32$c0$e01-apr-2005$fGBP4.32$g0$hC$5Uk
=ACF  \\$aPrevious Copyright Fee: GBP4.44$c0$e01-jan-2005$fGBP4.44$g0$hC$5Uk
=ACF  \\$aPrevious Copyright Fee: GBP4.32$c0$e01-oct-2004$fGBP4.32$g0$hC$5Uk
=ACF  \\$aPrevious copyright fee: GBP4.32$c0$e01-apr-2004$fGBP4.32$g0$hC$5Uk
=ACF  \\$aCurrent copyright fee: GBP4.71$c0$e01-jan-2004$fGBP4.71$g0$hC$5Uk
=ACF  \\$aCurrent copyright fee: GBP5.00$c0$e01-oct-2002$fGBP5.00$g0$hC$5Uk
=ACF  \\$aPrevious copyright fee: GBP10.50$c0$e01-jan-2011$fGBP10.50$g0$hA$5Uk
=ACF  \\$aPrevious copyright fee: GBP12.00$c0$e01-jan-2012$fGBP12.00$g0$hA$5Uk
=ACF  \\$aPrevious Copyright Fee: GBP12.30$c0$e01-jan-2014$fGBP12.30$g0$hA$5Uk
=CAT  \\$aCONV$b00$c20040502$lBLL01$h1103
=CAT  \\$aBATCH$b00$c20081001$lBLL01$h0029
=CAT  \\$aBATCH-CLA$b00$c20081128$lBLL01$h1736
=CAT  \\$aBATCH-UPD$b00$c20081231$lBLL01$h2152
=CAT  \\$aBATCH-UPD$b00$c20081231$lBLL01$h2345
=CAT  \\$aBATCH$b00$c20090101$lBLL01$h0115
=CAT  \\$a8871$b40$c20090128$lBLL01$h1109
=CAT  \\$a8871$b40$c20090128$lBLL01$h1220
=CAT  \\$aWR-09059$b40$c20090927$lBLL01$h1639
=CAT  \\$aBATCH$b00$c20091206$lBLL01$h0024
=CAT  \\$aBATCH-UPD$b00$c20101201$lBLL01$h1205
=CAT  \\$aIPL-CLA$c20101231$lBLL01$h1134
=CAT  \\$aWR11_203$c20111204$lBLL01$h1240
=CAT  \\$aIPL-CLA$c20111230$lBLL01$h1639
=CAT  \\$aBATCH-CLA$b00$c20121103$lBLL01$h1037
=CAT  \\$aWR13.005$c20130322$lBLL01$h1837
=CAT  \\$aBATCH-CLA$c20131211$lBLL01$h1828
=CAT  \\$aIPL-CLA$c20131231$lBLL01$h1619
=CAT  \\$aBATCH-CLA$b00$c20161222$lBLL01$h1603
=CAT  \\$aIPL-CLA$c20161230$lBLL01$h1520
=CAT  \\$aBATCH-CLA$b00$c20171222$lBLL01$h1850
=CAT  \\$aIPL-CLA$c20171231$lBLL01$h1108
=CAT  \\$a5552$b40$c20180802$lBLL01$h1448
=CAT  \\$aBLDSS-3PM$b00$c20180806$lBLL01$h1110
=CAT  \\$aBATCH-UPD$b00$c20180806$lBLL01$h1110
=CAT  \\$aBATCH-FIX$c20230511$lBLL01$h1625
=CFI  0\$aCurrent copyright fee: GBP22.00$c74\0$e02-aug-2018$fGBP22.00$g0$hP$5Uk
=CFI  2\$aPrevious Copyright Fee: GBP17.50$c0$e01-jan-2018$fGBP17.50$g0$hA$5Uk
=FFP  \\$aY$bBLDSS-3PM
=FIN  \\$aY
=FMT  \\$a  SE
=LAS  \\$aBATCH-FIX$b00$c20230511$lBLL01$h1625
=LEO  \\$aMP10.0000547074
=LKR  \\$aPAR$b010617647$lBLL01$nSprache und Literatur in Wissenschaft und Unterricht$mSprache und Literatur (Paderborn, Germany)$r78000
=SRC  \\$aDSS01$bbibmp10.200404.2.aa
=SRC  \\$aBLL02
=TCO  \\$aDEU$bVG WORT$c008
=UNO  \\$aY

