=LDR  01253 as a22003737a 4500
=001  005568502
=003  Uk
=005  20070810144229.0
=008  040519c20039999enkqr\p\\\\\\\0\\\a0eng\\
=022  \\$y1741-0614
=040  \\$aUk$beng$cUk
=245  00$aPrincess & pony ... special.
=246  2\$aPrincess and pony ... special
=260  \\$a[Birmingham] :$bPhoenix Publishing.
=310  \\$aQuarterly
=336  \\$atext$2rdacontent
=337  \\$aunmediated$2rdamedia
=338  \\$avolume$2rdacarrier
=852  41$aBritish Library$bHMNTS
=985  \\$aISSN Cente note. ISSN 1741-0614 assigned to Princess & pony, but possibly used in barcode of some issues of the special.
=A02  \\$a3019806$z0
=CAT  \\$aCONV$b00$c20040502$lBLL01$h1107
=CAT  \\$a8128$b40$c20041203$lBLL01$h1516
=CAT  \\$a11316$b40$c20060221$lBLL01$h1110
=CAT  \\$a11316$b40$c20070810$lBLL01$h1418
=CAT  \\$a11316$b40$c20070810$lBLL01$h1442
=CAT  \\$aBATCH$b00$c20091206$lBLL01$h0036
=CAT  \\$aW1711-1225$c20171203$lBLL01$h1014
=FIN  \\$aY
=FMT  \\$a  SE
=LAS  \\$aW1711-1225$b00$c20171203$lBLL01$h1014
=SRC  \\$aDSS04$bbibld.200404.2.aa
=STA  \\$aSUPPRESSED$bunable to determine reason for suppression
=TCO  \\$aCLA$bCLA$c008

