=LDR  02588 as a2200649 a 4500
=001  007023148
=003  Uk
=005  20140211102242.0
=007  ta
=008  011009c20009999nikqr\\\\\s\\o0\\\a0eng\\
=015  \\$aGBA158334$2bnb
=019  y\$abA158334
=019  9\$abA158334
=022  0\$a1475-5769$202
=039  0\$a2784
=040  \\$aUk$cUk$dUk
=082  04$a368.44009416021$221
=222  \0$aJobseeker's Allowance summary statistics
=245  00$aJobseeker's Allowance summary statistics /$cDepartment for Social Development.
=260  \\$aBelfast :$bStatistics & Research Branch, Department for Social Development,$c2000-
=300  \\$av. :$bill. ;$c30 cm.
=310  \\$aQuarterly
=336  \\$atext$2rdacontent
=337  \\$aunmediated$2rdamedia
=338  \\$avolume$2rdacarrier
=362  0\$aNov. 2000-
=580  \\$aIncludes data from: Jobseeker's Allowance statistics quarterly enquiry.
=650  \0$aInsurance, Unemployment$zNorthern Ireland$vStatistics$vPeriodicals.
=650  \0$aWelfare recipients$zNorthern Ireland$vStatistics$vPeriodicals.
=690  7\$aManagement and Business Studies$2blcoll
=690  7\$aSocial Welfare$2blcoll
=710  1\$aNorthern Ireland.$bDepartment for Social Development.
=785  07$tIncome Support summary statistics$x1475-5777
=785  07$tIncapacity benefit and severe disablement allowance$x1475-5750
=785  07$tDisability living allowance, attendance allowance, invalid care allowance$x1475-5491
=785  07$tNorthern Ireland summary of social security statistics (Print)$x1476-2463
=787  0\$tJobseeker's Allowance statistics quarterly enquiry
=852  41$aBritish Library$bHMNTS$jSPIS National Statistics Collection$3Nov. 2000.
=985  \\$aISSN Centre note: Online version made available 2003- , not as a direct continuation of the print version - sf 10.01.08
=CAT  \\$aCONV$b00$c20040425$lBLL90$h0530
=CAT  \\$aCONV$b00$c20040502$lBLL01$h1207
=CAT  \\$a9572$b40$c20060216$lBLL01$h1014
=CAT  \\$aBATCH$b00$c20091118$lBLL01$h2212
=CAT  \\$aWR13_070$b00$c20130504$lBLL01$h0144
=CAT  \\$a8874$b40$c20140211$lBLL01$h1022
=CAT  \\$aBATCH-MBS$c20140214$lBLL01$h2158
=CAT  \\$aBATCH-SWP$c20140215$lBLL01$h0104
=CAT  \\$aWR14_140$c20140905$lBLL01$h1708
=FIN  \\$aY
=FMT  \\$a  SE
=LAS  \\$aWR14_140$b00$c20140905$lBLL01$h1708
=LEO  \\$aMP5.0000006853
=LEO  \\$aMP22.0000067955
=SRC  \\$aISN01$bbibmp22.200404.2.aa
=SRC  \\$aBNB03$bbibmp5.200404.2.aa
=SRC  \\$aDSS04$bbibld.200404.2.aa
=TCO  \\$aCLA$bCLA$c008

