=LDR  06101 ai a2201189 a 4500
=001  007158207
=003  Uk
=005  20100122123256.0
=008  040409d1976197uenkuu\l\\f\\\\0\\\a2eng\\
=019  c\$a2057421
=022  0\$a0141-707X
=040  \\$aUk$cUk$dUk
=222  \0$aCroner's reference book for the self employed
=245  00$aCroner's reference book for the self employed /$cedited by Daphne Macara.
=260  \\$aNew Malden :$bCroner Publications,$c[1976]-
=300  \\$a1 v. (loose-leaf) :$bforms ;$c22cm. +$eSupplements.
=336  \\$atext$2rdacontent
=337  \\$aunmediated$2rdamedia
=338  \\$avolume$2rdacarrier
=500  \\$aIncludes index.
=540  \\$aBritish Library not licensed to copy$c0$5Uk
=595  \\$aCONTD AS 3487.8325V CHANGE BETWEEN 1978 AND 1984.
=650  \0$aLaw$zGreat Britain.
=650  \0$aSelf-employed$xLaw and legislation$zGreat Britain.
=700  1\$aMacara, Daphne.
=785  00$tCroner's reference book for the self employed and smaller business
=852  41$aBritish Library$bHMNTS$jX.0529/516
=852  41$aBritish Library$bDSC$j3487.832000
=945  \\$aCRONERS REFERENCE BOOK FOR THE SELF EMPLOYED.
=959  \\$fHeld but not currently received
=985  \\$aDo not link with ISSN record on #9545668
=A02  \\$a2057421
=ACF  \\$aPrevious Copyright Fee: GBP12.00$c0$e01-apr-2012$fGBP12.00$g0$hC$5Uk
=ACF  \\$aPrevious Copyright Fee: GBP12.00$c0$e01-jan-2012$fGBP12.00$g0$hC$5Uk
=ACF  \\$aPrevious Copyright Fee: GBP10.50$c0$e01-oct-2011$fGBP10.50$g0$hC$5Uk
=ACF  \\$aPrevious Copyright Fee: GBP10.50$c0$e01-jul-2011$fGBP10.50$g0$hC$5Uk
=ACF  \\$aPrevious Copyright Fee: GBP10.50$c0$e01-apr-2011$fGBP10.50$g0$hC$5Uk
=ACF  \\$aPrevious Copyright Fee: GBP10.50$c0$e01-jan-2011$fGBP10.50$g0$hC$5Uk
=ACF  \\$aPrevious Copyright Fee: GBP9.00$c0$e01-oct-2010$fGBP9.00$g0$hC$5Uk
=ACF  \\$aPrevious Copyright Fee: GBP9.00$c0$e01-jul-2010$fGBP9.00$g0$hC$5Uk
=ACF  \\$aPrevious Copyright Fee: GBP9.00$c0$e01-apr-2010$fGBP9.00$g0$hC$5Uk
=ACF  \\$aPrevious Copyright Fee: GBP9.00$c0$e01-Jan-2010$fGBP9.00$g0$hC$5Uk
=ACF  \\$aPrevious Copyright Fee: GBP6.00$c0$e01-oct-2009$fGBP6.00$g0$hC$5Uk
=ACF  \\$aBritish Library not licensed to copy$c0$e01-jul-2009$hC$iCLA Excluded$5Uk
=ACF  \\$aBritish Library not licensed to copy$c0$e01-apr-2009$hC$iCLA Excluded$5Uk
=ACF  \\$aBritish Library not licensed to copy$c0$e01-jan-2009$hC$iCLA Excluded$5Uk
=ACF  \\$aBritish Library not licensed to copy$c0$e01-oct-2008$hC$iCLA Excluded$5Uk
=ACF  \\$aBritish Library not licensed to copy$c0$e01-jul-2008$hC$iCLA Excluded$5Uk
=ACF  \\$aBritish Library not licensed to copy$c0$e01-apr-2008$hC$iCLA Excluded$5Uk
=ACF  \\$aBritish Library not licensed to copy$c0$e01-jan-2008$hC$iCLA Excluded$5Uk
=ACF  \\$aBritish Library not licensed to copy$c0$e01-oct-2007$hC$iCLA Excluded$5Uk
=ACF  \\$aBritish Library not licensed to copy$c0$e01-jul-2007$hC$iCLA Excluded$5Uk
=ACF  \\$aBritish Library not licensed to copy$c0$e01-apr-2007$hC$iCLA Excluded$5Uk
=ACF  \\$aBritish Library not licensed to copy$c0$e01-jan-2007$hC$iCLA Excluded$5Uk
=ACF  \\$aBritish Library not licensed to copy$c0$e01-oct-2006$hC$iCLA Excluded$5Uk
=ACF  \\$aBritish Library not licensed to copy$c0$e01-jul-2006$hC$iCLA Excluded$5Uk
=ACF  \\$aBritish Library not licensed to copy$c0$e01-apr-2006$hC$iCLA Excluded$5Uk
=ACF  \\$aBritish Library not licensed to copy$c0$e01-jan-2006$hC$iCLA Excluded$5Uk
=ACF  \\$aBritish Library not licensed to copy$c0$e01-oct-2005$hC$iCLA Excluded$5Uk
=ACF  \\$aBritish Library not licensed to copy$c0$e01-jul-2005$hC$iCLA Excluded$5Uk
=ACF  \\$aBritish Library not licensed to copy$c0$e01-apr-2005$hC$iCLA Excluded$5Uk
=ACF  \\$aBritish Library not licensed to copy$c0$e01-jan-2005$hC$iCLA Excluded$5Uk
=ACF  \\$aBritish Library not licensed to copy$c0$e01-oct-2004$hC$iCLA Excluded$5Uk
=ACF  \\$aBritish Library not licensed to copy$c0$e29-may-2002$g0$hC$iCLA-excluded$5Uk
=ACF  \\$aCurrent copyright fee: GBP5.00$c0$e24-may-2002$fGBP5.00$g0$hC$5Uk
=ACF  \\$aBritish Library not licensed to copy$c0$e18-mar-1998$g0$iCLA-excluded$5Uk
=ACF  \\$aPrevious Copyright Fee: GBP12.00$c0$e01-jul-2012$fGBP12.00$g0$hC$5Uk
=ACF  \\$aPrevious Copyright Fee: GBP12.00$c0$e01-oct-2012$fGBP12.00$g0$hC$5Uk
=CAT  \\$aCONV$b00$c20040425$lBLL90$h0701
=CAT  \\$aIPL-CLA$c20100630$lBLL01$h2007
=CAT  \\$aBATCH-CLA$b00$c20100831$lBLL01$h1535
=CAT  \\$aIPL-CLA$c20100930$lBLL01$h1443
=CAT  \\$aBATCH-CLA$b00$c20101115$lBLL01$h1609
=CAT  \\$aIPL-CLA$c20101231$lBLL01$h1141
=CAT  \\$aBATCH-CLA$b00$c20110228$lBLL01$h1551
=CAT  \\$aIPL-CLA$c20110331$lBLL01$h1423
=CAT  \\$aBATCH-CLA$b00$c20110531$lBLL01$h1647
=CAT  \\$aIPL-CLA$c20110630$lBLL01$h1505
=CAT  \\$aBATCH-CLA$b00$c20110831$lBLL01$h1812
=CAT  \\$aIPL-CLA$c20110930$lBLL01$h1502
=CAT  \\$aBATCH-CLA$b00$c20111130$lBLL01$h1217
=CAT  \\$aIPL-CLA$c20111230$lBLL01$h1645
=CAT  \\$aBATCH-CLA$b00$c20120229$lBLL01$h1637
=CAT  \\$aIPL-CLA$c20120330$lBLL01$h1349
=CAT  \\$aBATCH-CLA$b00$c20120531$lBLL01$h1720
=CAT  \\$aIPL-CLA$c20120629$lBLL01$h0944
=CAT  \\$aBATCH-CLA$b00$c20120831$lBLL01$h1549
=CAT  \\$aIPL-CLA$c20120930$lBLL01$h1954
=CAT  \\$aBATCH-CLA$b00$c20121103$lBLL01$h1033
=CAT  \\$aWR13.005$c20130323$lBLL01$h1238
=CAT  \\$aBATCH-CLA$b00$c20131129$lBLL01$h1659
=CAT  \\$aIPL-CLA$c20131231$lBLL01$h1828
=CAT  \\$aBATCH-CLA$b00$c20150828$lBLL01$h1542
=CAT  \\$aIPL-CLA$c20150930$lBLL01$h1739
=CFI  0\$aBritish Library not licensed to copy$c0$e01-oct-2015$hC$iCFP Excluded$5Uk
=CFI  2\$aPrevious Copyright Fee: GBP12.30$c0$e01-jan-2014$fGBP12.30$g0$hC$5Uk
=FIN  \\$aY
=FMT  \\$a  SE
=LAS  \\$aIPL-CLA$b00$c20150930$lBLL01$h1739
=LEO  \\$aMP10.0000173728
=SRC  \\$aDSS01$bbibmp10.200404.2.aa
=TCO  \\$aCLA$bCLA$c008

