=LDR  05022cai a2201081 a 4500
=001  007158208
=003  Uk
=005  20221231181918.0
=007  td
=008  040409d1978201uenkbr\l\\f\\\\0\\\a2eng\\
=019  c\$a2264762
=020  \\$c£400.00 plus VAT (loose-leaf)
=040  \\$aUk$beng$cUk$dUk
=042  \\$aukblsr
=082  00$a346.41068$222
=084  \\$aAL 76$2blsrissc
=084  \\$aAL 80$2blsrissc
=100  1\$aMacara, Daphne.
=245  10$aCroner's reference book for the self employed and smaller business /$ccompiled and edited by Daphne Macara.
=246  30$aReference book for the self employed and smaller business
=246  17$aReference book for self employed
=246  3\$aSelf employed and smaller business
=260  \\$aNew Malden :$bCroner Publications,$c[1978]-
=260  3\$aKingston upon Thames :$bWolters Kluwer.
=300  \\$av. ;$c22 cm.
=310  \\$aUpdated bimonthly
=336  \\$atext$2rdacontent
=337  \\$aunmediated$2rdamedia
=338  \\$avolume$2rdacarrier
=500  \\$aSpine title: Reference book for the self employed and smaller business.
=500  \\$aIncludes index.
=540  \\$aCurrent Copyright Fee: GBP25.00$c0$5Uk
=595  \\$aFORMERLY 3487.832 CHANGE BETWEEN 1978 AND 1984 SEE ALSO 3487.832505V SEE ALSO SERIAL RECORDS USC.
=650  \0$aSmall business$xLaw and legislation$zGreat Britain$vHandbooks, manuals, etc.
=650  \0$aSelf-employed$xLegal status, laws, etc.$zGreat Britain$vHandbooks, manuals, etc.
=690  7\$aManagement and Business Studies$2blcoll
=780  00$tCroner's reference book for the self employed$x0141-707X
=852  11$aBritish Library$bSTI$cBIPC$k(B) MKT$h658.0410941$mBusiness
=852  71$aBritish Library$bSTI$cRES$k(XB)$hAL 76$3Superseded pages
=852  71$aBritish Library$bSTI$k(TB)$hAL 76 Centre Desk$2blsrissc$3Accompanying diskettes
=852  41$aBritish Library$bDSC$cV$j3487.832500$31984- 273, 1999 *A=1
=945  \\$aCRONERS REFERENCE BOOK FOR THE SELF EMPLOYED AND SMALLER BUSINESS.
=959  \\$fHeld but not currently received
=985  \\$aConverted to integrating resource using update 375 & info. from LC 9/9/09 CS
=985  \\$aDo not link with ISSN record on #9545668
=A02  \\$a2264762
=ACF  \\$aPrevious Copyright Fee: GBP6.00$c0$e01-oct-2009$fGBP6.00$g0$hC$5Uk
=ACF  \\$aBritish Library not licensed to copy$c0$e01-jul-2009$hC$iCLA Excluded$5Uk
=ACF  \\$aBritish Library not licensed to copy$c0$e01-apr-2009$hC$iCLA Excluded$5Uk
=ACF  \\$aBritish Library not licensed to copy$c0$e18-mar-1998$g0$iCLA-excluded$5Uk
=ACF  \\$aCurrent copyright fee: GBP2.30$c0$e01-apr-1997$fGBP2.30$g0$hC$5Uk
=ACF  \\$aPrevious copyright fee: GBP10.50$c0$e01-jan-2011$fGBP10.50$g0$hA$5Uk
=ACF  \\$aPrevious copyright fee: GBP12.00$c0$e01-jan-2012$fGBP12.00$g0$hA$5Uk
=ACF  \\$aPrevious Copyright Fee: GBP12.30$c0$e01-jan-2014$fGBP12.30$g0$hA$5Uk
=ACF  \\$aPrevious Copyright Fee: GBP15.00$c0$e01-jan-2017$fGBP15.00$g0$hA$5Uk
=ACF  \\$aPrevious Copyright Fee: GBP17.50$c0$e01-jan-2018$fGBP17.50$g0$hA$5Uk
=ACF  \\$aPrevious Copyright Fee: GBP20.00$c0$e01-jan-2020$fGBP20.00$g0$hA$5Uk
=CAT  \\$aCONV$b00$c20040425$lBLL90$h0701
=CAT  \\$aBATCH$b00$c20091214$lBLL01$h0206
=CAT  \\$aBATCH$b00$c20091216$lBLL01$h0035
=CAT  \\$a8124$b40$c20100122$lBLL01$h1225
=CAT  \\$aBATCH-UPD$b40$c20101201$lBLL01$h1207
=CAT  \\$aIPL-CLA$c20101231$lBLL01$h1141
=CAT  \\$aWR11_203$c20111204$lBLL01$h1243
=CAT  \\$aIPL-CLA$c20111230$lBLL01$h1645
=CAT  \\$aBATCH-CLA$b00$c20121103$lBLL01$h1033
=CAT  \\$aWR13.005$c20130323$lBLL01$h1238
=CAT  \\$aBATCH-CLA$c20131213$lBLL01$h1955
=CAT  \\$aIPL-CLA$c20131231$lBLL01$h1828
=CAT  \\$aBATCH-CLA$b00$c20161222$lBLL01$h1651
=CAT  \\$aIPL-CLA$c20161230$lBLL01$h1754
=CAT  \\$aBATCH-CLA$b00$c20171222$lBLL01$h1945
=CAT  \\$aIPL-CLA$c20171231$lBLL01$h1331
=CAT  \\$aBATCH-CLA$b00$c20191219$lBLL01$h1616
=CAT  \\$aIPL-CLA$c20191231$lBLL01$h1706
=CAT  \\$aR2001-1524$c20200127$lBLL01$h1920
=CAT  \\$aBATCH-CLA$b00$c20201204$lBLL01$h1410
=CAT  \\$aIPL-CLA$c20201231$lBLL01$h1901
=CAT  \\$a10969$b40$c20210114$lBLL01$h1514
=CAT  \\$a10969$b40$c20210114$lBLL01$h1820
=CAT  \\$a10969$b40$c20210120$lBLL01$h1511
=CAT  \\$aBATCH-CLA$b00$c20221221$lBLL01$h1714
=CAT  \\$aIPL-CLA$c20221231$lBLL01$h1819
=CFI  0\$aCurrent Copyright Fee: GBP25.00$c0$e01-jan-2023$fGBP25.00$g0$hA$5Uk
=CFI  2\$aPrevious Copyright Fee: GBP22.50$c0$e01-jan-2021$fGBP22.50$g0$hA$5Uk
=FIN  \\$aY
=FMT  \\$a  SE
=LAS  \\$aIPL-CLA$b00$c20221231$lBLL01$h1819
=LEO  \\$aMP10.0000173729
=LKR  \\$aPAR$b007158207$lBLL01$r78000$mCroner's reference book for the self employed and smaller business /$nCroner's reference book for the self employed.
=SRC  \\$aDSS03$bbibsr.200404.2.aa
=SRC  \\$aDSS01$bbibmp10.200404.2.aa
=TCO  \\$aCLA$bCLA$c008

