=LDR  03520cas a22008297a 4500
=001  007180166
=003  Uk
=005  20221231182312.0
=008  890920c19899999xxk\x\m\\\\\\\0\\\a0eng\\
=019  c\$a2486690
=022  1\$a0957-1019$202
=040  \\$aUk$cUk
=222  \0$aOccasional publications series _ Leicestershire Entomological Society
=245  00$aOccasional publications series _ Leicestershire Entomological Society
=246  13$aLESOPS
=260  \\$aLeicester :$bLeicestershire Entomological Society.
=336  \\$atext$2rdacontent
=337  \\$aunmediated$2rdamedia
=338  \\$avolume$2rdacarrier
=540  \\$aCurrent Copyright Fee: GBP25.00$c0$5Uk
=595  \\$aSEE ALSO CARD INDEX.
=852  41$aBritish Library$bDSC$j6227.295000$3no. 8 (1994)-no. 22 (2006)
=945  \\$aOCCASIONAL PUBLICATION SERIES- LEICESTERSHIRE ENTOMOLOGICAL SOCIETY.
=959  \\$fHeld but not currently received
=963  \\$aNO. 10, 1994- *A=1$bN$cL391.B.17
=985  \\$aISSN MONO-IN-SERIES RECORD. HUMANITIES STOCK TREATED AS MONOGRAPHS.
=A02  \\$a2486690
=ACF  \\$aPrevious copyright fee: GBP5.00$c0$e01-jul-2002$fGBP5.00$g0$hC$5Uk
=ACF  \\$aCurrent copyright fee: GBP2.50$c0$e01-jul-1998$fGBP2.50$g0$hC$5Uk
=ACF  \\$aCurrent copyright fee: GBP2.30$c0$e01-apr-1997$fGBP2.30$g0$hC$5Uk
=ACF  \\$aPrevious copyright fee: GBP10.50$c0$e01-jan-2011$fGBP10.50$g0$hA$5Uk
=ACF  \\$aPrevious copyright fee: GBP12.00$c0$e01-jan-2012$fGBP12.00$g0$hA$5Uk
=ACF  \\$aPrevious Copyright Fee: GBP12.30$c0$e01-jan-2014$fGBP12.30$g0$hA$5Uk
=ACF  \\$aPrevious Copyright Fee: GBP15.00$c0$e01-jan-2017$fGBP15.00$g0$hA$5Uk
=ACF  \\$aPrevious Copyright Fee: GBP17.50$c0$e01-jan-2018$fGBP17.50$g0$hA$5Uk
=ACF  \\$aPrevious Copyright Fee: GBP20.00$c0$e01-jan-2020$fGBP20.00$g0$hA$5Uk
=CAT  \\$aCONV$b00$c20040425$lBLL90$h0707
=CAT  \\$c20041008$lBLL01$h2316
=CAT  \\$aNRC-CANC$b40$c20070701$lBLL01$h1804
=CAT  \\$aBATCH$b00$c20091207$lBLL01$h0411
=CAT  \\$aBATCH$b00$c20091214$lBLL01$h0215
=CAT  \\$aBATCH$b00$c20091216$lBLL01$h0038
=CAT  \\$aBATCH-UPD$b00$c20101201$lBLL01$h1209
=CAT  \\$aIPL-CLA$c20101231$lBLL01$h1150
=CAT  \\$aWR11_203$c20111204$lBLL01$h1251
=CAT  \\$aIPL-CLA$c20111230$lBLL01$h1654
=CAT  \\$aBATCH-CLA$b00$c20121103$lBLL01$h1029
=CAT  \\$aWR13.005$c20130323$lBLL01$h1248
=CAT  \\$aBATCH-CLA$c20131213$lBLL01$h2006
=CAT  \\$aIPL-CLA$c20131231$lBLL01$h1838
=CAT  \\$a8483$b40$c20151028$lBLL01$h1419
=CAT  \\$aBATCH-CLA$b00$c20161222$lBLL01$h1653
=CAT  \\$aIPL-CLA$c20161230$lBLL01$h1800
=CAT  \\$aBATCH-CLA$b00$c20171222$lBLL01$h1948
=CAT  \\$aIPL-CLA$c20171231$lBLL01$h1337
=CAT  \\$aBATCH-CLA$b00$c20191219$lBLL01$h1619
=CAT  \\$aIPL-CLA$c20191231$lBLL01$h1711
=CAT  \\$aR2001-1524$c20200127$lBLL01$h1921
=CAT  \\$aBATCH-CLA$b00$c20201204$lBLL01$h1413
=CAT  \\$aIPL-CLA$c20201231$lBLL01$h1905
=CAT  \\$aBATCH-CLA$b00$c20221221$lBLL01$h1716
=CAT  \\$aIPL-CLA$c20221231$lBLL01$h1823
=CFI  0\$aCurrent Copyright Fee: GBP25.00$c0$e01-jan-2023$fGBP25.00$g0$hA$5Uk
=CFI  2\$aPrevious Copyright Fee: GBP22.50$c0$e01-jan-2021$fGBP22.50$g0$hA$5Uk
=FIN  \\$aY
=FMT  \\$a  SE
=LAS  \\$aIPL-CLA$b00$c20221231$lBLL01$h1823
=LEO  \\$aMP10.0000418050
=LEO  \\$aMP22.0000030439
=SRC  \\$aISN01$bbibmp22.200404.2.aa
=SRC  \\$aDSS01$bbibmp10.200404.2.aa
=TCO  \\$aCLA$bCLA$c008

