=LDR  06060cas a2201213 a 4500
=001  007180791
=003  Uk
=005  20211231171118.0
=007  ta
=008  040409c19989999fr\ar\\\\\s\\\0\\\a0eng\\
=019  c\$a2600650
=022  \\$a2225-7993$y1682-7457
=040  \\$aUk$cUk$dUk
=041  0\$aeng$afre
=042  \\$aukblsr
=082  04$a382.021$222$qUK-WkNB
=222  \0$aOECD statistics on international trade in services$b(2011. Print)
=245  00$aOECD statistics on international trade in services /$ca joint publication of OECD and Eurostat = Statistiques de l'OCDE sur les échanges internationaux des services / Une publication conjointe de l'OCDE et de Eurostat.
=246  30$aStatistics on international trade in services
=246  31$aStatistiques de l'OCDE sur les échanges internationaux des services
=260  \\$aParis, France :$bOECD Publications,$cc2000-
=300  \\$av. ;$c27 cm.
=310  \\$aAnnual
=336  \\$atext$2rdacontent
=337  \\$aunmediated$2rdamedia
=338  \\$avolume$2rdacarrier
=362  0\$a1989/1998-
=490  1\$aStatistics =$aStatistiques
=500  \\$aIssues for <2005 (Year 2000/2003)>-2011/12 (Year 2005/2009) and <2014 (Year 2008/2012)- > published in 2 volumes, subtitled: Detailed tables by partner country, and: Detailed tables by service category.
=515  \\$aVols. for 1989/1998-<1992/2001> called also: 2000 ed.-<2003 ed.>.
=515  \\$aNot issued: 1991/2000?
=540  \\$aCurrent Copyright Fee: GBP2.96$c0$5Uk
=546  \\$aTo 2010 in English and French.
=550  \\$aIssued jointly by: Organisation for Economic Co-operation and Development, and: Statistical Office of the European Communities.
=588  \\$aLatest issue consulted: volume 2014/2 (2008-2012).
=595  \\$aFORMERLY 8252.85 CHANGE BETWEEN 1987/1996 AND 1989/1998.
=650  \0$aService industries$vStatistics$vPeriodicals.
=650  \0$aInternational trade$vStatistics$vPeriodicals.
=690  7\$aManagement and Business Studies$2blcoll
=710  2\$aOrganisation for Economic Co-operation and Development.
=710  2\$aStatistical Office of the European Communities.
=780  00$tServices, statistics on international transactions
=830  \0$aStatistics (Organisation for Economic Co-operation and Development)
=852  41$aBritish Library$bDSC$j6235.261375$31989/1998- 1990/1999 *A=1
=852  41$aBritish Library$bHMNTS$jUNP.108A/1629$31989/1998-v. 2(2019)
=945  \\$aOECD STATISTICS ON INTERNATIONAL TRADE IN SERVICES
=959  \\$fHeld but not currently received
=985  \\$aCorrected by MS generated file for WR# 12.018
=985  \\$aISSN has title split at <2005-2011> when published in 2 vols, then revert 2012-, CS 21/8/12
=A02  \\$a2600650
=ACF  \\$aPrevious copyright fee: GBP9.00$c0$e01-apr-2010$fGBP9.00$g0$hA$5Uk
=ACF  \\$aPrevious copyright fee: GBP6.00$c0$e01-apr-2008$fGBP6.00$g0$hA$5Uk
=ACF  \\$aPrevious copyright fee: GBP5.00$c0$e01-jul-2002$fGBP5.00$g0$hA$5Uk
=ACF  \\$aCurrent copyright fee: GBP4.40$c0$e03-jan-2001$fGBP4.40$g0$hA$5Uk
=ACF  \\$aPrevious copyright fee: GBP10.50$c0$e01-jan-2011$fGBP10.50$g0$hA$5Uk
=ACF  \\$aPrevious copyright fee: GBP12.00$c0$e01-jan-2012$fGBP12.00$g0$hA$5Uk
=ACF  \\$aPrevious Copyright Fee: GBP12.30$c0$e01-jan-2014$fGBP12.30$g0$hA$5Uk
=ACF  \\$aPrevious Copyright Fee: GBP5.16$c0$e01-oct-2015$fGBP5.16$g0$hC$5Uk
=ACF  \\$aPrevious Copyright Fee: GBP5.52$c0$e01-apr-2016$fGBP5.52$g0$hC$5Uk
=ACF  \\$aPrevious Copyright Fee: GBP5.93$c0$e01-oct-2016$fGBP5.93$g0$hC$5Uk
=ACF  \\$aPrevious Copyright Fee: GBP6.40$c0$e01-apr-2017$fGBP6.40$g0$hC$5Uk
=ACF  \\$aPrevious Copyright Fee: GBP6.08$c0$e01-oct-2017$fGBP6.08$g0$hC$5Uk
=ACF  \\$aPrevious Copyright Fee: GBP6.15$c0$e01-jan-2018$fGBP6.15$g0$hC$5Uk
=ACF  \\$aPrevious Copyright Fee: GBP5.71$c0$e01-apr-2018$fGBP5.71$g0$hC$5Uk
=ACF  \\$aPrevious Copyright Fee: GBP6.15$c0$e01-oct-2018$fGBP6.15$g0$hC$5Uk
=ACF  \\$aPrevious Copyright Fee: GBP6.40$c0$e01-oct-2019$fGBP6.40$g0$hC$5Uk
=ACF  \\$aPrevious Copyright Fee: GBP6.15$c0$e01-apr-2020$fGBP6.15$g0$hC$5Uk
=ACF  \\$aPrevious Copyright Fee: GBP6.40$c0$e01-jul-2020$fGBP6.40$g0$hC$5Uk
=ACF  \\$aPrevious Copyright Fee: GBP5.92$c0$e01-apr-2021$fGBP5.92$g0$hC$5Uk
=ACF  \\$aPrevious Copyright Fee: GBP5.76$c0$e01-jul-2021$fGBP5.76$g0$hC$5Uk
=CAT  \\$aCONV$b00$c20040425$lBLL90$h0707
=CAT  \\$aIPL-CLA$c20160930$lBLL01$h1542
=CAT  \\$aBATCH-CLA$b00$c20170228$lBLL01$h1631
=CAT  \\$aIPL-CLA$c20170331$lBLL01$h1826
=CAT  \\$aBATCH-CLA$b00$c20170831$lBLL01$h1632
=CAT  \\$aIPL-CLA$c20170929$lBLL01$h1708
=CAT  \\$aBATCH-CLA$b00$c20171130$lBLL01$h1706
=CAT  \\$aIPL-CLA$c20171231$lBLL01$h1337
=CAT  \\$aBATCH-CLA$b00$c20180228$lBLL01$h1646
=CAT  \\$aIPL-CLA$c20180331$lBLL01$h1556
=CAT  \\$aBATCH-CLA$b00$c20180831$lBLL01$h1628
=CAT  \\$aIPL-CLA$c20180930$lBLL01$h1450
=CAT  \\$aBATCH-CLA$b00$c20190909$lBLL01$h1718
=CAT  \\$aIPL-CLA$c20190930$lBLL01$h1627
=CAT  \\$aBATCH-CLA$b00$c20200228$lBLL01$h1637
=CAT  \\$aIPL-CLA$c20200331$lBLL01$h1602
=CAT  \\$aBATCH-CLA$b00$c20200529$lBLL01$h1531
=CAT  \\$aIPL-CLA$c20200701$lBLL01$h0044
=CAT  \\$aBATCH-CLA$b00$c20210227$lBLL01$h1015
=CAT  \\$aIPL-CLA$c20210331$lBLL01$h1832
=CAT  \\$aBATCH-CLA$b00$c20210528$lBLL01$h1528
=CAT  \\$aIPL-CLA$c20210704$lBLL01$h1111
=CAT  \\$aBATCH-CLA$b00$c20210917$lBLL01$h1606
=CAT  \\$aIPL-CLA$c20210930$lBLL01$h1644
=CAT  \\$aBATCH-CLA$b00$c20211203$lBLL01$h0819
=CAT  \\$aIPL-CLA$c20211231$lBLL01$h1711
=CFI  0\$aCurrent Copyright Fee: GBP2.96$c0$e01-jan-2022$fGBP2.96$g0$hC$5Uk
=CFI  2\$aPrevious Copyright Fee: GBP5.68$c0$e01-oct-2021$fGBP5.68$g0$hC$5Uk
=FIN  \\$aY
=FMT  \\$a  SE
=LAS  \\$aIPL-CLA$b00$c20211231$lBLL01$h1711
=LEO  \\$aMP10.0000418942
=SRC  \\$aDSS01$bbibmp10.200404.2.aa
=TCO  \\$aFRA$bCFC$c008

