=LDR  05989cas a2201273 a 4500
=001  007189242
=003  Uk
=005  20221231182446.0
=007  ta
=008  040409c19739999fr\uu\p\\\\\\\0\\\a0eng\\
=019  c\$a2122670
=019  1\$ar6307769
=022  0\$a0343-0758$y0343-6397
=040  \\$aUk$cUk$dUk
=041  0\$aeng$afre
=082  04$a840.9004$219
=222  \0$aPapers on French seventeenth century literature
=245  00$aPapers on French seventeenth century literature.
=246  30$aP.F.S.C.L.
=246  18$aPFSCL
=260  \\$aSeattle :$bDept. of Romance Languages and Literature, University of Washington,$c1973-
=260  3\$aTübingen :$bW. Leiner
=300  \\$av. :$bill. ;$c21-28 cm.
=310  \\$aSemiannual,$b1976-
=321  \\$aAnnual,$b1973-1975
=336  \\$atext$2rdacontent
=337  \\$aunmediated$2rdamedia
=338  \\$avolume$2rdacarrier
=362  0\$aNo. 1 (1973)-no. 13 (1980) ; v. 8, no. 14 (1981)-
=515  \\$aVolume numbering added in 1981.
=515  \\$aSome numbers issued in parts.
=540  \\$aCurrent Copyright Fee: GBP25.00$c0$5Uk
=546  \\$aEnglish and French.
=650  \0$aFrench literature$y17th century$xHistory and criticism$vPeriodicals
=770  0\$tBiblio 17$x1434-6397
=852  41$aBritish Library$bHMNTS$jX.0950/627$3No. 12 (winter 1979/80); no. 17-
=852  41$aBritish Library$bDSC$j6396.843000$3No. 1/2 (1973/1974)-v. 21, no. 40 (1994)***UKRR Retained Title
=945  \\$aPAPERS ON FRENCH SEVENTEENTH CENTURY LITERATURE.
=959  \\$fHeld but not currently received
=963  \\$aNO. 1, 1973- *A=1$bN$cP735.B.26
=985  \\$aCorrected by MS generated file for WR# 12.018
=985  \\$aRecord merged by DQ team
=985  \\$aBack cover lists recent issues of the supplement "Biblio 17", but quotes an invalid ISSN 0343-6397 for them.
=A02  \\$a2122670
=ACF  \\$aPrevious Copyright Fee: GBP8.57$c0$e01-jul-2009$fGBP8.57$g0$hC$5Uk
=ACF  \\$aPrevious Copyright Fee: GBP8.57$c0$e01-apr-2009$fGBP8.57$g0$hC$5Uk
=ACF  \\$aPrevious Copyright Fee: GBP7.50$c0$e01-jan-2009$fGBP7.50$g0$hC$5Uk
=ACF  \\$aPrevious Copyright Fee: GBP6.00$c0$e01-oct-2008$fGBP6.00$g0$hC$5Uk
=ACF  \\$aPrevious Copyright Fee: GBP6.00$c0$e01-jul-2008$fGBP6.00$g0$hC$5Uk
=ACF  \\$aPrevious Copyright Fee: GBP6.00$c0$e01-apr-2008$fGBP6.00$g0$hC$5Uk
=ACF  \\$aPrevious Copyright Fee: GBP6.00$c0$e01-jan-2008$fGBP6.00$g0$hC$5Uk
=ACF  \\$aPrevious Copyright Fee: GBP6.00$c0$e01-oct-2007$fGBP6.00$g0$hC$5Uk
=ACF  \\$aPrevious Copyright Fee: GBP6.00$c0$e01-jul-2007$fGBP6.00$g0$hC$5Uk
=ACF  \\$aPrevious Copyright Fee: GBP6.15$c0$e01-apr-2007$fGBP6.15$g0$hC$5Uk
=ACF  \\$aPrevious Copyright Fee: GBP6.49$c0$e01-jan-2007$fGBP6.49$g0$hC$5Uk
=ACF  \\$aPrevious Copyright Fee: GBP6.49$c0$e01-oct-2006$fGBP6.49$g0$hC$5Uk
=ACF  \\$aPrevious Copyright Fee: GBP6.86$c0$e01-jul-2006$fGBP6.86$g0$hC$5Uk
=ACF  \\$aPrevious Copyright Fee: GBP4.57$c0$e01-apr-2006$fGBP4.57$g0$hC$5Uk
=ACF  \\$aPrevious Copyright Fee: GBP4.44$c0$e01-jan-2006$fGBP4.44$g0$hC$5Uk
=ACF  \\$aPrevious Copyright Fee: GBP4.32$c0$e01-oct-2005$fGBP4.32$g0$hC$5Uk
=ACF  \\$aPrevious Copyright Fee: GBP4.32$c0$e01-jul-2005$fGBP4.32$g0$hC$5Uk
=ACF  \\$aPrevious Copyright Fee: GBP4.32$c0$e01-apr-2005$fGBP4.32$g0$hC$5Uk
=ACF  \\$aPrevious Copyright Fee: GBP4.44$c0$e01-jan-2005$fGBP4.44$g0$hC$5Uk
=ACF  \\$aPrevious Copyright Fee: GBP4.32$c0$e01-oct-2004$fGBP4.32$g0$hC$5Uk
=ACF  \\$aPrevious copyright fee: GBP4.32$c0$e01-apr-2004$fGBP4.32$g0$hC$5Uk
=ACF  \\$aCurrent copyright fee: GBP4.71$c0$e01-jan-2004$fGBP4.71$g0$hC$5Uk
=ACF  \\$aCurrent copyright fee: GBP5.00$c0$e01-jan-2003$fGBP5.00$g0$hC$5Uk
=ACF  \\$aPrevious copyright fee: GBP10.50$c0$e01-jan-2011$fGBP10.50$g0$hA$5Uk
=ACF  \\$aPrevious copyright fee: GBP12.00$c0$e01-jan-2012$fGBP12.00$g0$hA$5Uk
=ACF  \\$aPrevious Copyright Fee: GBP12.30$c0$e01-jan-2014$fGBP12.30$g0$hA$5Uk
=ACF  \\$aPrevious Copyright Fee: GBP15.00$c0$e01-jan-2017$fGBP15.00$g0$hA$5Uk
=ACF  \\$aPrevious Copyright Fee: GBP17.50$c0$e01-jan-2018$fGBP17.50$g0$hA$5Uk
=ACF  \\$aPrevious Copyright Fee: GBP20.00$c0$e01-jan-2020$fGBP20.00$g0$hA$5Uk
=CAT  \\$aCONV$b00$c20040425$lBLL90$h0708
=CAT  \\$a8874$b40$c20090724$lBLL01$h0819
=CAT  \\$aBATCH$b00$c20091207$lBLL01$h0414
=CAT  \\$aBATCH$b00$c20091214$lBLL01$h0219
=CAT  \\$aBATCH$b00$c20091216$lBLL01$h0040
=CAT  \\$aBATCH-UPD$b00$c20101201$lBLL01$h1209
=CAT  \\$aIPL-CLA$c20101231$lBLL01$h1154
=CAT  \\$aWR11_203$c20111204$lBLL01$h1254
=CAT  \\$aIPL-CLA$c20111230$lBLL01$h1658
=CAT  \\$aBLSS-CORR$b00$c20120724$lBLL01$h1754
=CAT  \\$aBATCH-CLA$b00$c20121103$lBLL01$h1028
=CAT  \\$aWR13.005$c20130323$lBLL01$h1309
=CAT  \\$aBATCH-CLA$c20131217$lBLL01$h0106
=CAT  \\$aIPL-CLA$c20131231$lBLL01$h1842
=CAT  \\$aBATCH-CLA$b00$c20161222$lBLL01$h1655
=CAT  \\$aIPL-CLA$c20161230$lBLL01$h1802
=CAT  \\$aBATCH-CLA$b00$c20171222$lBLL01$h1949
=CAT  \\$aIPL-CLA$c20171231$lBLL01$h1339
=CAT  \\$aBATCH-CLA$b00$c20191219$lBLL01$h1620
=CAT  \\$aIPL-CLA$c20191231$lBLL01$h1713
=CAT  \\$aR2001-1524$c20200127$lBLL01$h1922
=CAT  \\$aBATCH-CLA$b00$c20201204$lBLL01$h1414
=CAT  \\$aIPL-CLA$c20201231$lBLL01$h1907
=CAT  \\$a8483$b40$c20210827$lBLL01$h0915
=CAT  \\$aBATCH-CLA$b00$c20221221$lBLL01$h1718
=CAT  \\$aIPL-CLA$c20221231$lBLL01$h1824
=CFI  0\$aCurrent Copyright Fee: GBP25.00$c0$e01-jan-2023$fGBP25.00$g0$hA$5Uk
=CFI  2\$aPrevious Copyright Fee: GBP22.50$c0$e01-jan-2021$fGBP22.50$g0$hA$5Uk
=FIN  \\$aY
=FMT  \\$a  SE
=LAS  \\$aIPL-CLA$b00$c20221231$lBLL01$h1824
=LEO  \\$aMP10.0000430937
=LEO  \\$aMP13.0000992758
=SRC  \\$aHSS01$bbibmp13.200404.2.ab
=SRC  \\$aDSS01$bbibmp10.200404.2.aa
=TCO  \\$aFRA$bCFC$c008

