=LDR  04532cas a2200985 i 4500
=001  007192520
=003  Uk
=005  20230612110244.0
=007  ta
=008  040409c19uu9999nyuar\t\\r\\\i0\\\a0eng\\
=019  c\$a2492366
=022  0\$a0252-0079
=040  \\$aUk$beng$cUk$erda
=042  \\$aukblsr
=082  04$a341.233$223
=222  \0$aPermanent missions to the United Nations$b(New York)
=245  00$aPermanent missions to the United Nations.
=264  \1$aNew York :$bUnited Nations
=300  \\$c22 cm
=310  \\$aAnnual
=336  \\$atext$2rdacontent
=337  \\$aunmediated$2rdamedia
=338  \\$avolume$2rdacarrier
=540  \\$aCurrent Copyright Fee: GBP25.00$c0$5Uk
=588  \\$aDescription based on: number 306 (June 2016).
=588  \\$aLatest issue consulted: number 310 (December 2021).
=610  27$aUnited Nations$2fast$0(OCoLC)fst00530351
=650  \7$aDiplomatic and consular service.$2fast$0(OCoLC)fst00894202
=655  \7$aDirectories.$2fast$0(OCoLC)fst01423796
=655  \7$aRegisters (Lists).$2fast$0(OCoLC)fst01919964
=710  2\$aUnited Nations.$bProtocol and Liaison Service,$eissuing body.
=776  08$iAlso issued online:$tPermanent missions to the United Nations$b(New York. Online)$x2412-1371
=780  00$tMembers of permanent missions to the United Nations entitled to diplomatic privileges and immunities$x0499-8995
=852  41$aBritish Library$bHMNTS$jUNB.100/2(2)$3NO.23- (SEE CATALOGUE) NO 273
=852  41$aBritish Library$bHMNTS$jOPB.9.x.417$3Issue 306 (Jun. 2016), issue 308 (Feb. 2019)-issue 310 (Dec. 2021)
=886  2\$2blmarc$a092$b00$a6426.985000n
=945  \\$aPermanent missions to the United Nations.
=979  \\$aBritish Library$bDSC$j6426.985000N
=985  \\$aCataloguers note: title history/start dates in ISSN Portal / OCLC records not consistent. 780 included but there may have been an intervening title 'Permanent missions and delegations to the UN'?
=A02  \\$a2492366
=ACF  \\$aPrevious copyright fee: GBP9.00$c0$e01-apr-2010$fGBP9.00$g0$hA$5Uk
=ACF  \\$aPrevious copyright fee: GBP6.00$c0$e01-apr-2008$fGBP6.00$g0$hA$5Uk
=ACF  \\$aPrevious copyright fee: GBP5.00$c0$e01-jul-2002$fGBP5.00$g0$hA$5Uk
=ACF  \\$aCurrent copyright fee: GBP4.40$c0$e01-jul-1998$fGBP4.40$g0$hA$5Uk
=ACF  \\$aCurrent copyright fee: GBP4.20$c0$e01-apr-1997$fGBP4.20$g0$hA$5Uk
=ACF  \\$aPrevious copyright fee: GBP10.50$c0$e01-jan-2011$fGBP10.50$g0$hA$5Uk
=ACF  \\$aPrevious copyright fee: GBP12.00$c0$e01-jan-2012$fGBP12.00$g0$hA$5Uk
=ACF  \\$aPrevious Copyright Fee: GBP12.30$c0$e01-jan-2014$fGBP12.30$g0$hA$5Uk
=ACF  \\$aPrevious Copyright Fee: GBP15.00$c0$e01-jan-2017$fGBP15.00$g0$hA$5Uk
=ACF  \\$aPrevious Copyright Fee: GBP17.50$c0$e01-jan-2018$fGBP17.50$g0$hA$5Uk
=ACF  \\$aPrevious Copyright Fee: GBP20.00$c0$e01-jan-2020$fGBP20.00$g0$hA$5Uk
=CAT  \\$aCONV$b00$c20040425$lBLL90$h0708
=CAT  \\$aBATCH-UPD$b00$c20100331$lBLL01$h2045
=CAT  \\$aBATCH-UPD$b00$c20100401$lBLL01$h0024
=CAT  \\$aBATCH$b00$c20100401$lBLL01$h0336
=CAT  \\$aBATCH$b00$c20100401$lBLL01$h1336
=CAT  \\$aBATCH-UPD$b00$c20101124$lBLL01$h1729
=CAT  \\$aBATCH-UPD$b00$c20101125$lBLL01$h0953
=CAT  \\$aIPL-CLA$c20101231$lBLL01$h1155
=CAT  \\$aWR11_203$c20111204$lBLL01$h1255
=CAT  \\$aIPL-CLA$c20111230$lBLL01$h1659
=CAT  \\$aBATCH-CLA$b00$c20121103$lBLL01$h1027
=CAT  \\$aWR13.005$c20130323$lBLL01$h1310
=CAT  \\$aBATCH-CLA$c20131217$lBLL01$h0108
=CAT  \\$aIPL-CLA$c20131231$lBLL01$h1843
=CAT  \\$aBATCH-CLA$b00$c20161222$lBLL01$h1655
=CAT  \\$aIPL-CLA$c20161230$lBLL01$h1803
=CAT  \\$aBATCH-CLA$b00$c20171222$lBLL01$h1950
=CAT  \\$aIPL-CLA$c20171231$lBLL01$h1340
=CAT  \\$aBATCH-CLA$b00$c20191219$lBLL01$h1620
=CAT  \\$aIPL-CLA$c20191231$lBLL01$h1714
=CAT  \\$aBATCH-CLA$b00$c20201204$lBLL01$h1415
=CAT  \\$aIPL-CLA$c20201231$lBLL01$h1908
=CAT  \\$aBATCH-CLA$b00$c20221221$lBLL01$h1718
=CAT  \\$aIPL-CLA$c20221231$lBLL01$h1825
=CAT  \\$a10973$b40$c20230609$lBLL01$h1450
=CAT  \\$a10973$b40$c20230612$lBLL01$h1102
=CFI  0\$aCurrent Copyright Fee: GBP25.00$c0$e01-jan-2023$fGBP25.00$g0$hA$5Uk
=CFI  2\$aPrevious Copyright Fee: GBP22.50$c0$e01-jan-2021$fGBP22.50$g0$hA$5Uk
=FIN  \\$aY
=FMT  \\$a  SE
=LAS  \\$a10973$b40$c20230612$lBLL01$h1102
=LEO  \\$aMP10.0000435631
=SRC  \\$aDSS01$bbibmp10.200404.2.aa
=TCO  \\$aZZZ$c008

