=LDR  02386 ai a2200577 a 4500
=001  007194094
=003  Uk
=005  20130524090159.0
=007  td
=008  040416c19489999enkuu\l\\f\\\\0\\\a2eng\\
=022  0\$a0141-4054
=040  \\$aUk$beng$cUk
=042  \\$aukblsr
=082  04$a629.1$223
=210  0\$aEng. sci. data. Perform.
=222  \0$aEngineering sciences data. Performance
=245  00$aEngineering sciences data.$pPerformance.
=246  13$aESDU engineering sciences data.$pPerformance
=246  13$aESDU series on performance
=246  30$aPerformance
=246  13$aESDU validated engineering data.$pPerformance
=260  \\$a[London] :$bEngineering Sciences Data Unit
=260  3\$a[Coulsdon] :$bIHS Global
=300  \\$av. (loose-leaf) ;$c30 cm. +$eCD-ROMs.
=336  \\$atext$2rdacontent
=337  \\$aunmediated$2rdamedia
=338  \\$avolume$2rdacarrier
=515  \\$aEach data item has a separate ESDU number.
=588  \\$aAn Engineering sciences data subseries made up of several individually titled and updated "data items".$5Uk
=588  \\$aDescription based on: ESDU 99035, updated to Oct. 2010.
=650  \0$aAerospace engineering$vHandbooks, manuals, etc.
=710  2\$aEngineering Sciences Data Unit.
=776  18$iAlso available on CD-ROM containing all 21 ESDU validated engineering data series:$tESDUscope
=852  71$aBritish Library$bSTI$k(TP)$hVB 43$m-E(4)$2blsrissc$3Accompanying electronic software
=852  71$aBritish Library$bSTI$k(P)$hVB 43$m-E(4)$3No. 25-no. 17013 (Nov. 2017)
=985  \\$aDO NOT MERGE with ISSN record on #09545487. Record upgraded to integrating resource record, 3/1/12 CS, sight of individual data items including ESDU 99035 only
=A02  \\$a1438438$z38438
=CAT  \\$aCONV$b00$c20040425$lBLL90$h0713
=CAT  \\$aCONV$b00$c20040502$lBLL01$h1212
=CAT  \\$aBATCH$b00$c20091207$lBLL01$h0416
=CAT  \\$aBATCH$b00$c20091214$lBLL01$h0221
=CAT  \\$aBATCH$b00$c20091216$lBLL01$h0041
=CAT  \\$a8124$b40$c20120105$lBLL01$h1302
=CAT  \\$a8124$b40$c20120105$lBLL01$h1453
=CAT  \\$a10932$b40$c20130524$lBLL01$h0901
=FIN  \\$aY$d20120105
=FMT  \\$a  SE
=LAS  \\$a10932$b40$c20130524$lBLL01$h0901
=LKR  \\$aPAR$b012447837$lBLL01$r776$nESDUscope$mEngineering sciences data. Performance
=SRC  \\$aDSS03$bbibsr.200404.2.aa
=TCO  \\$aZZZ$c008

