=LDR  01644 as a2200481 a 4500
=001  007194451
=003  Uk
=005  20060621153427.0
=007  ta
=008  040416c20039999enkqr\p\\\\\\\0\\\a0eng\\
=015  \\$aGBA656561$2bnb
=040  \\$aUk$beng$cUk
=042  \\$aukblsr
=082  04$a618.2405$222
=245  00$aHealthy pregnancy.
=260  \\$a[Great Britain];$aCape Town :$bHighbury Monarch Communications
=300  \\$av. :$bcol. ill., col. ports. ;$c28 cm.
=310  \\$aQuarterly
=336  \\$atext$2rdacontent
=337  \\$aunmediated$2rdamedia
=338  \\$avolume$2rdacarrier
=362  1\$aBegan in 2003?
=500  \\$aPublished in conjunction with: South African Medical Association.
=500  \\$aDescription based on: Oct./Nov. 2004 issue.
=650  \0$aPregnancy$vPeriodicals.
=650  \0$aPregnancy$xNutritional aspects$vPeriodicals.
=650  \0$aPregnancy$xPsychological aspects$vPeriodicals.
=650  \0$aPrenatal care$vPeriodicals.
=710  2\$aSouth African Medical Association (1998- )
=852  41$aBritish Library$bSTI
=985  \\$aPrinting ISSN 1726-20889, but not validated on ISSN online yet 20/6/06.
=CAT  \\$aCONV$b00$c20040425$lBLL90$h0713
=CAT  \\$aCONV$b00$c20040502$lBLL01$h1212
=CAT  \\$a8483$b40$c20060621$lBLL01$h1521
=CAT  \\$a8483$b40$c20060621$lBLL01$h1523
=CAT  \\$a8483$b40$c20060621$lBLL01$h1525
=CAT  \\$a8483$b40$c20060621$lBLL01$h1534
=CAT  \\$aWR14_140$c20140905$lBLL01$h1714
=FIN  \\$aY$d20060621
=FMT  \\$a  SE
=LAS  \\$aWR14_140$b00$c20140905$lBLL01$h1714
=SRC  \\$aDSS03$bbibsr.200404.2.aa
=TCO  \\$aCLA$bCLA$c008

