=LDR  02495 ai a2200613 a 4500
=001  007194470
=003  Uk
=005  20120816153306.0
=007  td
=008  040416c19799999enkuu\l\\f\\\\0\\\a2eng\\
=022  0\$a0143-2702
=040  \\$aUk$beng$cUk
=042  \\$aukblsr
=082  04$a624.175$223
=210  0\$aEng. sci. data. Wind eng.
=222  \0$aEngineering sciences data. Wind engineering
=245  00$aEngineering sciences data.$pWind engineering.
=246  13$aESDU validated engineering data.$pWind engineering sub-series
=246  13$aESDU engineering sciences data.$pWind engineering
=246  30$aWind engineering
=246  13$aESDU series on wind engineering
=260  \\$aLondon :$bEngineering Sciences Data Unit
=260  3\$a[Coulsdon] :$bIHS Global
=300  \\$av. (loose-leaf) ;$c30 cm.
=336  \\$atext$2rdacontent
=337  \\$aunmediated$2rdamedia
=338  \\$avolume$2rdacarrier
=515  \\$aEach data item has a separate ESDU number.
=588  \\$aAn Engineering sciences data subseries made up of several individually titled and updated "data items".$5Uk
=588  \\$aDescription based on: ESDU 02011, updated to Mar. 2011.
=650  \0$aWind-pressure$vHandbooks, manuals, etc.
=710  2\$aEngineering Sciences Data Unit.
=710  2\$aInstitution of Mechanical Engineers (Great Britain)
=776  18$iAlso available on CD-ROM containing all 21 ESDU validated engineering data series:$tESDUscope
=780  00$tEngineering sciences data. Fluid mechanics, external flow$x0141-4003
=852  71$aBritish Library$bSTI$k(TP)$hVB 43$m-E(4)$2blsrissc$3Accompanying electronic software
=852  71$aBritish Library$bSTI$k(P)$hVB 43$m-E(4)$3No. 11- n. 93013 (Mar.2012)
=985  \\$aDO NOT MERGE with ISSN record on #009546577
=A02  \\$a1438445$z38445
=CAT  \\$aCONV$b00$c20040425$lBLL90$h0713
=CAT  \\$aCONV$b00$c20040502$lBLL01$h1212
=CAT  \\$aBATCH$b00$c20091207$lBLL01$h0416
=CAT  \\$aBATCH$b00$c20091214$lBLL01$h0222
=CAT  \\$aBATCH$b00$c20091216$lBLL01$h0041
=CAT  \\$a8124$b40$c20120105$lBLL01$h1139
=CAT  \\$a8124$b40$c20120105$lBLL01$h1148
=CAT  \\$a8124$b40$c20120105$lBLL01$h1451
=CAT  \\$a8871$b40$c20120816$lBLL01$h1533
=FIN  \\$aY$d20120105
=FMT  \\$a  SE
=LAS  \\$a8871$b40$c20120816$lBLL01$h1533
=LKR  \\$aPAR$b012447837$lBLL01$r776$mEngineering sciences data. Wind engineering$nESDUscope
=SRC  \\$aDSS03$bbibsr.200404.2.aa
=TCO  \\$aZZZ$c008

