=LDR  02702 ai a2200625 a 4500
=001  007194545
=003  Uk
=005  20120816153240.0
=007  td
=008  040416c19829999enkuu\l\\f\\\\0\\\a2eng\\
=022  0\$a0958-0379
=040  \\$aUk$beng$cUk
=042  \\$aukblsr
=082  04$a620.1123$223
=210  0\$aEng. Sci. data, Fatigue, Endur. data
=222  \0$aEngineering sciences data. Fatigue. Endurance data
=245  00$aEngineering sciences data.$pFatigue.$pEndurance data.
=246  13$aESDU validated engineering data.$pFatigue.$pEndurance data
=246  13$aESDU engineering sciences data.$pFatigue.$pEndurance data
=246  13$aESDU series on fatigue.$pEndurance data
=246  13$aFatigue series
=246  13$aFatigue endurance data series
=260  \\$a[London] :$bEngineering Sciences Data Unit,$c1982-
=260  3\$a[Coulsdon] :$bIHS Global
=300  \\$av. (loose-leaf) ;$c30 cm.
=336  \\$atext$2rdacontent
=337  \\$aunmediated$2rdamedia
=338  \\$avolume$2rdacarrier
=515  \\$aEach data item has a separate ESDU number.
=588  \\$aAn Engineering sciences data subseries made up of several individually titled and updated "data items" dealing with a specific aspect of fatigue.$5Uk
=588  \\$aDescription based on: ESDU 04017, updated to Nov. 2010.
=650  \0$aMaterials$xFatigue$vHandbooks, manuals, etc.
=710  2\$aEngineering Sciences Data Unit.
=710  2\$aInstitution of Mechanical Engineers (Great Britain)
=776  18$iAlso available on CD-ROM containing all 21 ESDU validated engineering data series:$tESDUscope
=780  01$tEngineering sciences data. Fatigue$x0141-3996
=852  71$aBritish Library$bSTI$k(P)$hVB 43$m-E(4)$2blsrissc
=852  71$aBritish Library$bSTI$k(TP)$hVB 43$m-E(4)$2blsrissc$3Accompanying electronic software
=985  \\$aDO NOT MERGE with ISSN record on#010816766. Record upgraded to integrating resource record, 3/1/12 CS, sight of individual data item 04017 only.
=A02  \\$a1439471$z39471
=CAT  \\$aCONV$b00$c20040425$lBLL90$h0713
=CAT  \\$aCONV$b00$c20040502$lBLL01$h1212
=CAT  \\$aBATCH$b00$c20091207$lBLL01$h0416
=CAT  \\$aBATCH$b00$c20091214$lBLL01$h0222
=CAT  \\$aBATCH$b00$c20091216$lBLL01$h0041
=CAT  \\$a8124$b40$c20120103$lBLL01$h1224
=CAT  \\$a8124$b40$c20120103$lBLL01$h1428
=CAT  \\$a8124$b40$c20120105$lBLL01$h1459
=CAT  \\$a8871$b40$c20120816$lBLL01$h1532
=FIN  \\$aY$d20120103
=FMT  \\$a  SE
=LAS  \\$a8871$b40$c20120816$lBLL01$h1532
=LKR  \\$aPAR$b012447837$lBLL01$r776$nESDUscope$mEngineering sciences data. Fatigue. Endurance data
=SRC  \\$aDSS03$bbibsr.200404.2.aa
=TCO  \\$aZZZ$c008

