=LDR  02366 ai a2200577 a 4500
=001  007195107
=003  Uk
=005  20120105145238.0
=007  td
=008  040416c19669999enkuu\\\\f\\\\0\\\a2eng\\
=022  0\$a0141-3988
=040  \\$aUk$beng$cUk
=042  \\$aukblsr
=082  04$a620.104$223
=210  0\$aEng. sci. data. Dyn. sub-ser.
=222  \0$aEngineering sciences data. Dynamics sub-series
=245  00$aEngineering sciences data.$pDynamics.
=246  13$aESDU engineering sciences data.$pDynamics sub-series
=246  13$aESDU series on dynamics
=246  13$aESDU validated engineering data.$pDynamics
=246  30$aDynamics
=260  \\$a[London] :$bEngineering Sciences Data Unit
=260  3\$a[Coulsdon] :$bIHS Global
=300  \\$av. (loose-leaf) ;$c30 cm.
=336  \\$atext$2rdacontent
=337  \\$aunmediated$2rdamedia
=338  \\$avolume$2rdacarrier
=515  \\$aEach data item has a separate ESDU number.
=588  \\$aAn Engineering sciences data subseries made up of several individually titled and updated "data items".$5Uk
=588  \\$aDescription based on: ESDU 93016, updated to June 2010.
=650  \0$aDynamics$vHandbooks, manuals, etc.
=710  2\$aEngineering Sciences Data Unit.
=776  18$iAlso available on CD-ROM containing all 21 ESDU validated engineering data series:$tESDUscope
=852  71$aBritish Library$bSTI$k(P)$hVB 43$m-E(4)$2blsrissc$3No. 1-no. 93016 (2010)
=852  71$aBritish Library$bSTI$k(TP)$hVB 43$m-E(4)$2blsrissc$3Accompanying electronic software
=985  \\$aDO NOT MERGE with ISSN record on #09545480. Record upgraded to integrating resource record, 5/1/12 CS, sight of individual data items including 93016 only
=A02  \\$a1438560$z38560
=CAT  \\$aCONV$b00$c20040425$lBLL90$h0713
=CAT  \\$aCONV$b00$c20040502$lBLL01$h1212
=CAT  \\$aBATCH$b00$c20091207$lBLL01$h0416
=CAT  \\$aBATCH$b00$c20091214$lBLL01$h0222
=CAT  \\$aBATCH$b00$c20091216$lBLL01$h0041
=CAT  \\$a8124$b40$c20120105$lBLL01$h1240
=CAT  \\$a8124$b40$c20120105$lBLL01$h1241
=CAT  \\$a8124$b40$c20120105$lBLL01$h1452
=FIN  \\$aY$d20120105
=FMT  \\$a  SE
=LAS  \\$a8124$b40$c20120105$lBLL01$h1452
=LKR  \\$aPAR$b012447837$lBLL01$r776$nESDUscope$mEngineering sciences data. Dynamics
=SRC  \\$aDSS03$bbibsr.200404.2.aa
=TCO  \\$aZZZ$c008

