=LDR  02703 ai a2200613 a 4500
=001  007196820
=003  Uk
=005  20211004135219.0
=007  td
=008  040416d19662015enkuu\l\\f\\\\0\\\a2eng\\
=022  0\$a0141-4011
=040  \\$aUk$beng$cUk
=042  \\$aukblsr
=082  04$a620.106$223
=210  0\$aEng. sci. data. Fluid mech. intern. flow
=222  \0$aEngineering sciences data. Fluid mechanics, internal flow
=245  00$aEngineering sciences data.$pFluid mechanics, internal flow.
=246  13$aESDU validated engineering data.$pFluid mechanics, internal flow
=246  13$aESDU engineering sciences data.$pFluid mechanics, internal flow
=246  30$aFluid mechanics, internal flow
=246  13$aESDU series on fluid mechanics, internal flow
=260  \\$a[London] :$bEngineering Sciences Data Unit,$c[1966]-2015
=260  3\$a[Coulsdon] :$bIHS Global
=300  \\$av. (loose-leaf) ;$c30 cm.
=336  \\$atext$2rdacontent
=337  \\$aunmediated$2rdamedia
=338  \\$avolume$2rdacarrier
=515  \\$aEach data item has a separate ESDU number.
=588  \\$aAn Engineering sciences data subseries made up of several individually titled and updated "data items".$5Uk
=588  \\$aDescription based on: ESDU 03012, updated to June 2010.
=650  \0$aFluid mechanics$vHandbooks, manuals.
=650  \0$aFluid dynamics$vHandbooks, manuals, etc.
=710  2\$aEngineering Sciences Data Unit.
=710  2\$aInstitution of Mechanical Engineers (Great Britain)
=776  18$iAlso available on CD-ROM containing all 21 ESDU validated engineering data series:$tESDUscope
=852  71$aBritish Library$bSTI$k(TP)$hVB 43$m-E(4)$2blsrissc$3Accompanying electronic software
=852  71$aBritish Library$bSTI$k(P)$hVB 43$m-E(4)$2blsrissc$3No. 23-no. 15012 (Dec.2015)
=985  \\$aDO NOT MERGE with ISSN record on #09545483. Record upgraded to integrating resource record, 5/1/12 CS, sight of individual data items including 03012 only
=A02  \\$a1438433$z38433
=CAT  \\$aCONV$b00$c20040425$lBLL90$h0713
=CAT  \\$aCONV$b00$c20040502$lBLL01$h1212
=CAT  \\$aBATCH$b00$c20091207$lBLL01$h0417
=CAT  \\$aBATCH$b00$c20091214$lBLL01$h0222
=CAT  \\$aBATCH$b00$c20091216$lBLL01$h0042
=CAT  \\$a8124$b40$c20120105$lBLL01$h1444
=CAT  \\$a8124$b40$c20120105$lBLL01$h1447
=CAT  \\$a8871$b40$c20120816$lBLL01$h1534
=CAT  \\$a6490$b40$c20211004$lBLL01$h1352
=FIN  \\$aY$d20120105
=FMT  \\$a  SE
=LAS  \\$a6490$b40$c20211004$lBLL01$h1352
=LKR  \\$aPAR$b012447837$lBLL01$r776$nESDUscope$mEngineering sciences data. Fluid mechanics, internal flow
=SRC  \\$aDSS03$bbibsr.200404.2.aa
=TCO  \\$aZZZ$c008

