=LDR  01797 ai a22004577a 4500
=001  007196944
=003  Uk
=005  20130524090748.0
=008  040416c19439999enk\|\l\\\\\\\0\\\a0eng\\
=022  0\$a0144-2805
=040  \\$aUk$cUk
=082  0\$a624.1$222$qUK-WkNB
=245  00$aEngineering sciences data.$pEngineering structures sub-series /$cESDU.
=246  3\$aESDU validated engineering data. engineering structures
=246  3\$aEngineering sciences data. Engineering structures
=260  \\$aLondon ;$aWashington, DC :$bEngineering Sciences Data Unit,$c1943-
=300  \\$av. :$bill. ;$c30 cm. +$eCD-ROMs.
=336  \\$atext$2rdacontent
=337  \\$aunmediated$2rdamedia
=338  \\$avolume$2rdacarrier
=500  \\$aLoose-leaf for updating.
=500  \\$aIncludes data items originally issued by ESDU's predecessors.
=504  \\$aIncludes bibliographical references.
=650  \0$aStructural engineering.
=710  2\$aEngineering Sciences Data Unit.
=852  71$aBritish Library$bSTI$k(TP)$hVB 43$m-E(4)$2blsrissc$3Accompanying electronic software
=852  71$aBritish Library$bSTI$k(P)$hVB 43$m-E(4)$2blsrissc$3No. 30 (2003)-no. 31 (2004)
=985  \\$aCorrected by MS generated file for WR# 12.018
=985  \\$aRelationship to #007196990 undetermined. Do not merge with #010182127 ISSN record
=A02  \\$a3023474$z0
=CAT  \\$aCONV$b00$c20040425$lBLL90$h0713
=CAT  \\$aCONV$b00$c20040502$lBLL01$h1212
=CAT  \\$a8874$b40$c20050913$lBLL01$h1510
=CAT  \\$a8124$b40$c20120105$lBLL01$h0843
=CAT  \\$aBLSS-CORR$b00$c20120724$lBLL01$h1754
=CAT  \\$a10932$b40$c20130524$lBLL01$h0907
=FIN  \\$aY$d20050913
=FMT  \\$a  SE
=LAS  \\$a10932$b40$c20130524$lBLL01$h0907
=SRC  \\$aDSS03$bbibsr.200404.2.aa
=TCO  \\$aCLA$bCLA$c008

