=LDR  02998cai a2200745 a 4500
=001  007196956
=003  Uk
=005  20230323135052.0
=007  ta
=008  780405d19762010xxkur\m\\\\\\\0\\\a0eng\\
=019  c\$a2574938
=022  0\$a0141-2590
=040  \\$aUk$beng$cUk$dUk
=042  \\$aukblsr
=082  04$a621.89$223
=210  0\$aEng. sci. data, Tribol. sub-ser.
=222  \0$aEngineering sciences data. Tribology sub-series
=245  00$aEngineering sciences data.$pTribology.
=246  30$aTribology sub-series
=246  13$aESDU engineering sciences data. Tribology
=246  30$aTribology
=246  13$aESDU series on tribology
=260  \\$aLondon :$bEngineering Sciences Data Unit
=260  3\$a[Coulsdon] :$bIHS Global
=300  \\$av. (loose-leaf) ;$c30 cm.
=336  \\$atext$2rdacontent
=337  \\$aunmediated$2rdamedia
=338  \\$avolume$2rdacarrier
=515  \\$aEach data item has a separate ESDU number.
=588  \\$aAn Engineering sciences data subseries made up of several individually titled and updated "data items".$5Uk
=588  \\$aDescription based on: ESDU 93006, updated to May 2010.
=595  \\$aSEE 3769.95.
=650  \0$aTribology$vHandbooks, manuals, etc.
=710  2\$aEngineering Sciences Data Unit.
=710  2\$aInstitution of Mechanical Engineers (Great Britain)
=776  18$iAlso available on CD-ROM containing all 21 ESDU validated engineering data series:$tESDUscope
=852  41$aBritish Library$bDSC$j3811.141000
=852  71$aBritish Library$bSTI$k(TP)$hVB 43$m-E(4)$2blsrissc$3Accompanying electronic software
=852  71$aBritish Library$bSTI$k(P)$hVB 43$m-E(4)$2blsrissc$3No. 9 [197u]- no. 97019 (May 2010)
=886  2\$2blmarc$a959
=945  \\$aESDU ENGINEERING SCIENCES DATA TRIBOLOGY.
=985  \\$aRecord merged by DQ team. Record upgraded to integrating resource record, 3/1/12 CS, sight of individual data items only, including ESDU 93006. DO NOT MERGE with ISSN record on #016001230
=A02  \\$a1438443$z38443
=CAT  \\$aCONV$b00$c20040425$lBLL90$h0713
=CAT  \\$aCONV$b00$c20040502$lBLL01$h1212
=CAT  \\$a8201$b40$c20080211$lBLL01$h1408
=CAT  \\$aBATCH$b00$c20091207$lBLL01$h0417
=CAT  \\$aBATCH$b00$c20091214$lBLL01$h0222
=CAT  \\$aBATCH$b00$c20091216$lBLL01$h0042
=CAT  \\$a8124$b40$c20120103$lBLL01$h1113
=CAT  \\$a8124$b40$c20120103$lBLL01$h1136
=CAT  \\$a8124$b40$c20120105$lBLL01$h1506
=CAT  \\$a8871$b40$c20120816$lBLL01$h1533
=CAT  \\$a10932$b40$c20130503$lBLL01$h1124
=CAT  \\$a6490$b40$c20211004$lBLL01$h1357
=CAT  \\$a8124$b40$c20230323$lBLL01$h1350
=FIN  \\$aY
=FMT  \\$a  SE
=LAS  \\$a8124$b40$c20230323$lBLL01$h1350
=LEO  \\$aMP10.0000214144
=LEO  \\$aMP22.0000004436
=LKR  \\$aPAR$b012447837$lBLL01$r776$nESDUscope$mEngineering sciences data. Tribology sub-series
=SRC  \\$aDSS01$bbibmp10.200404.2.aa
=SRC  \\$aDSS03$bbibsr.200404.2.aa
=TCO  \\$aCLA$bCLA$c008

