=LDR  02084 ai a2200493 a 4500
=001  007197335
=003  Uk
=005  20130417095818.0
=007  ta
=008  040416c19829999enkuu\l\\\\\\\0\\\a0eng\\
=022  0\$a0958-0387
=040  \\$aUk$beng$cUk
=042  \\$aukblsr
=082  04$a620.1126$223
=210  0\$aEng. Sci. data, Fatigue, Fract. mech. data
=222  \0$aEngineering Sciences data. Fatigue. Fracture mechanics data
=245  00$aEngineering Sciences data. Fatigue.$pFracture mechanics data.
=246  13$aESDU engineering sciences data.$pFracture mechanics
=260  \\$a[London] :$bEngineering Sciences Data Unit
=264  31$a[Coulsdon] :$bIHS Global
=300  \\$av. (loose-leaf) ;$c30 cm.
=336  \\$atext$2rdacontent
=337  \\$aunmediated$2rdamedia
=338  \\$avolume$2rdacarrier
=515  \\$aEach data item has a separate ESDU number.
=588  \\$aAn Engineering sciences data subseries made up of several individually titled and updated "data items".$5Uk
=710  2\$aEngineering Sciences Data Unit.
=776  18$iAlso available on CD-ROM containing all 21 ESDU validated engineering data series:$tESDUscope
=852  71$aBritish Library$bSTI$k(TP)$hVB 43$m-E(4)$2blsrissc$3Accompanying electronic software
=852  71$aBritish Library$bSTI$k(P)$hVB 43$m-E(4)$2blsrissc$3No. 7 [uuuu]-no. 23 (2005)
=985  \\$aDO NOT MERGE with ISSN record on 010816767. Record upgraded to integrating resource record, CS, sight of individual data item 78036 only
=A02  \\$a1438432$z38432
=CAT  \\$aCONV$b00$c20040425$lBLL90$h0713
=CAT  \\$aCONV$b00$c20040502$lBLL01$h1212
=CAT  \\$aBATCH$b00$c20091207$lBLL01$h0417
=CAT  \\$aBATCH$b00$c20091214$lBLL01$h0223
=CAT  \\$aBATCH$b00$c20091216$lBLL01$h0042
=CAT  \\$a8124$b40$c20130417$lBLL01$h0958
=FIN  \\$aY$d20130417
=FMT  \\$a  SE
=LAS  \\$a8124$b40$c20130417$lBLL01$h0958
=LKR  \\$aPAR$b012447837$lBLL01$r776$nESDUscope$mEngineering Sciences data. Fatigue. Fracture mechanics data.
=SRC  \\$aDSS03$bbibsr.200404.2.aa
=TCO  \\$aZZZ$c008

