=LDR  03102cas a2200745 a 4500
=001  007197644
=003  Uk
=005  20130702143312.0
=006  m\\\\\\\\d\|\\\\\\
=007  cr||||||||||||
=008  040416c20029999enkmr\p\s\\\\\0\\\a0eng\\
=015  \\$aGBB108835$2bnb
=022  \\$a1740-9195$y1740-9144
=040  \\$aUk$beng$cUk
=042  \\$aukblsr
=082  04$a330.942105$222
=245  00$aLondon's economy today$h[electronic resource].
=260  \\$aLondon :$bGreater London Authority,$c2002-
=310  \\$aMonthly
=336  \\$atext$2rdacontent
=337  \\$acomputer$2rdamedia
=338  \\$aonline resource$2rdacarrier
=362  0\$aIssue 1 (Aug. 2002)-
=500  \\$aTitle from PDF title page (publisher's Web site, viewed Jan. 18, 2011).
=500  \\$aLatest issue consulted: Issue 100 (Dec. 2010) (viewed Jan. 18, 2011).
=516  \\$aIn PDF and RTF formats.
=538  \\$aMode of access: email and World Wide Web.
=538  \\$aSystem requirements: Adobe Acrobat Reader.
=550  \\$aPublished in association with Transport for London, Mayor of London, and London Development Agency.
=650  \0$aEconomic indicators$zEngland$zLondon$vStatistics$vPeriodicals.
=651  \0$aLondon (England)$xEconomic conditons$vPeriodicals.
=690  7\$aManagement and Business Studies$2blcoll
=710  2\$aGLA Economics.
=710  2\$aTransport for London (Organization)
=710  1\$aLondon (England).$bMayor.
=776  1\$aLondon's economy today$c(Print)$x1740-9136
=852  41$aBritish Library$bSTI$jELD Digital store$3Issue 128(2013:Apr.)-
=856  40$ahttp://www.london.gov.uk/londons-economy-today$zCurrent issue
=856  \\$uhttp://www.london.gov.uk/mayor/economic_unit/londoneconomy_archive.jsp
=859  \\$aELD$bejournal
=985  \\$aON ADVICE FROM ISSN CENTRE KEEP SEPARATE RECORDS FOR ONLINE AND EMAIL ISSNs- DO NOT MERGE WITH THIS RECORD (nowadays just one no. would be assigned for email and online, but for a short time the policy was to have separate ones).
=985  \\$aCorrected by BSS-generated file for WR# 10/166
=A02  \\$a3016275$z0
=CAT  \\$aCONV$b00$c20040425$lBLL90$h0713
=CAT  \\$aCONV$b00$c20040502$lBLL01$h1212
=CAT  \\$a11249$b40$c20051102$lBLL01$h1043
=CAT  \\$aBATCH$b00$c20091207$lBLL01$h0417
=CAT  \\$aBATCH$b00$c20091214$lBLL01$h0223
=CAT  \\$aBATCH$b00$c20091216$lBLL01$h0042
=CAT  \\$aBLSS-CORR$b00$c20101119$lBLL01$h1714
=CAT  \\$a3072$b40$c20110118$lBLL01$h1027
=CAT  \\$a3072$b40$c20110118$lBLL01$h1130
=CAT  \\$a8311$b40$c20130702$lBLL01$h1433
=CAT  \\$aBATCH-MBS$c20130705$lBLL01$h2123
=CAT  \\$aWR13.114$c20130717$lBLL01$h1312
=CAT  \\$aWR14_072$c20140608$lBLL01$h1425
=CAT  \\$aBATCH-UPD$b00$c20141001$lBLL01$h1427
=CAT  \\$aWR15_120$c20150910$lBLL01$h1824
=CAT  \\$aW1711-1005$c20171206$lBLL01$h1814
=FIN  \\$aY$d20110118
=FMT  \\$a  SE
=LAS  \\$aW1711-1005$b00$c20171206$lBLL01$h1814
=LET  \0$aLondon's economy today (Electronic)
=SRC  \\$aDSS03$bbibsr.200404.2.aa
=TCO  \\$aCLA$bCLA$c008

