=LDR  02511 ai a2200661 a 4500
=001  007198293
=003  Uk
=005  20120105150610.0
=007  td
=008  040416c196u9999enkuu\l\\f\\\\0\\\a2eng\\
=022  \\$y0141-4356
=040  \\$aUk$beng$cUk$dUk
=042  \\$aukblsr
=082  04$a629.132304$222
=245  00$aESDU transonic aerodynamics.
=246  30$aTransonic aerodynamics
=246  13$aESDU validated engineering data.$pTransonic aerodynamics
=246  13$aTransonics
=246  13$aESDU validated engineering data.$pTransonics
=246  13$aESDU series on transonic aerodynamics
=246  13$aESDU series on transonics
=246  14$aESDU engineering data
=247  10$aEngineering sciences data. Transonic aerodynamics$x0141-4356
=260  \\$aLondon :$bEngineering Sciences Data Unit Ltd.
=260  2\$aLondon :$bESDU International
=260  3\$a[Coulsdon] :$bIHS Global
=300  \\$av. (loose-leaf) :$bill. ;$c32 cm.
=336  \\$atext$2rdacontent
=337  \\$aunmediated$2rdamedia
=338  \\$avolume$2rdacarrier
=500  \\$aIn 12 volumes, each with specific subject focus.
=500  \\$aBegan in 1967?
=500  \\$aDescription based on: Vol. 12, updated to Nov. 2006.
=650  \0$aAerodynamics, Transonic$vHandbooks, manuals, etc.
=710  2\$aESDU International.
=710  2\$aEngineering Sciences Data Unit.
=776  18$iAlso available on CD-ROM containing all 21 ESDU validated engineering data series:$tESDUscope
=852  71$aBritish Library$bSTI$k(TP)$hVB 43$m-E(4)$2blsrissc$3Accompanying electronic software
=852  71$aBritish Library$bSTI$k(P)$hVB 43$m-E(4)$2blsrissc$3Issue 38 (2003)-
=985  \\$aDO NOT MERGE with ISSN record on #009545509
=A02  \\$a3020365$z0
=CAT  \\$aCONV$b00$c20040425$lBLL90$h0713
=CAT  \\$aCONV$b00$c20040502$lBLL01$h1212
=CAT  \\$a8124$b40$c20071003$lBLL01$h1119
=CAT  \\$a8124$b40$c20071003$lBLL01$h1124
=CAT  \\$a8124$b40$c20071003$lBLL01$h1129
=CAT  \\$a8124$b40$c20071003$lBLL01$h1132
=CAT  \\$aBATCH$b00$c20091207$lBLL01$h0417
=CAT  \\$aBATCH$b00$c20091214$lBLL01$h0223
=CAT  \\$aBATCH$b00$c20091216$lBLL01$h0042
=CAT  \\$a8124$b40$c20120105$lBLL01$h1109
=CAT  \\$a8124$b40$c20120105$lBLL01$h1506
=FIN  \\$aY$d20071003
=FMT  \\$a  SE
=LAS  \\$a8124$b40$c20120105$lBLL01$h1506
=LKR  \\$aPAR$b012447837$lBLL01$r776$nESDUscope$mESDU transonic aerodynamics.
=SRC  \\$aDSS03$bbibsr.200404.2.aa
=TCO  \\$aCLA$bCLA$c008

