=LDR  04656cai a2201093 a 4500
=001  007199265
=003  Uk
=005  20230210004148.0
=007  td
=008  040416d19902013enkfr\l\\f\\\\0\\\a2eng\\
=019  y\$ab9239562
=019  9\$ab9239562
=019  c\$a2580680
=022  0\$a0960-7943
=040  \\$aUk$beng$cUk$dUk
=042  \\$aukblsr
=082  04$a344.04232$222
=210  0\$aEurofood monit.
=222  \0$aEurofood monitor
=245  00$aEurofood monitor :$bEuropean Community legislation on foodstuffs /$c[Sandro Amaducci].
=246  1\$aEurofood monitor :$bEuropean Union legislation on foodstuffs,$f<2010>-
=260  \\$aTunbridge Wells :$bAgra Europe,$c1990-2013
=300  \\$av. ;$c25 cm.
=310  \\$aUpdated semiannually
=336  \\$atext$2rdacontent
=337  \\$aunmediated$2rdamedia
=338  \\$avolume$2rdacarrier
=500  \\$aSubtitle varies.
=540  \\$aCurrent Copyright Fee: GBP25.00$c0$5Uk
=588  \\$aDescription based on: Work updated to update 2010/2.
=595  \\$aSEE CARD INDEX.
=650  \0$aFood law and legislation$zEuropean Union countries$vHandbooks, manuals, etc.
=700  1\$aAmaducci, Sandro.
=710  2\$aAgra Europe (London) Limited.
=787  0\$tFoodnews$x0951-130X
=852  11$aBritish Library$bSTI$k(B)$h344.04232
=979  \\$aBritish Library$bDSC$j3829.268327N
=985  \\$aDO NOT MERGE with ISSN record on #015847624, Not compatible with Integrating resource record, CS 13/7/11
=A02  \\$a2580680$z29099
=ACF  \\$aBritish Library not licensed to copy$c0$e01-apr-2012$hC$iCLA Excluded$5Uk
=ACF  \\$aBritish Library not licensed to copy$c0$e01-jan-2012$hC$iCLA Excluded$5Uk
=ACF  \\$aBritish Library not licensed to copy$c0$e01-oct-2011$hC$iCLA Excluded$5Uk
=ACF  \\$aBritish Library not licensed to copy$c0$e01-jul-2011$hC$iCLA Excluded$5Uk
=ACF  \\$aBritish Library not licensed to copy$c0$e01-apr-2010$hC$iCLA Excluded$5Uk
=ACF  \\$aBritish Library not licensed to copy$c0$e01-oct-2004$hC$iCLA Excluded$5Uk
=ACF  \\$aBritish Library not licensed to copy$c0$e01-jul-2012$hC$iCLA Excluded$5Uk
=ACF  \\$aBritish Library not licensed to copy$c0$e01-oct-2012$hC$iCFP Excluded$5Uk
=ACF  \\$aBritish Library not licensed to copy$c0$e01-apr-2014$hC$iCFP Excluded$5Uk
=ACF  \\$aPrevious Copyright Fee: GBP12.30$c0$e01-oct-2014$fGBP12.30$g0$hC$5Uk
=ACF  \\$aPrevious Copyright Fee: GBP15.00$c0$e01-jan-2017$fGBP15.00$g0$hC$5Uk
=ACF  \\$aPrevious Copyright Fee: GBP17.50$c0$e01-jan-2018$fGBP17.50$g0$hC$5Uk
=ACF  \\$aPrevious Copyright Fee: GBP20.00$c0$e01-jan-2020$fGBP20.00$g0$hC$5Uk
=ACF  \\$aPrevious Copyright Fee: GBP22.50$c0$e01-jan-2021$fGBP22.50$g0$hC$5Uk
=CAT  \\$aWR09-126
=CAT  \\$aIPL-CLA$c20111230$lBLL01$h1659
=CAT  \\$aBATCH-CLA$b00$c20120229$lBLL01$h1629
=CAT  \\$aIPL-CLA$c20120330$lBLL01$h1351
=CAT  \\$aBATCH-CLA$b00$c20120531$lBLL01$h1726
=CAT  \\$aIPL-CLA$c20120629$lBLL01$h0946
=CAT  \\$aBATCH-CLA$b00$c20120831$lBLL01$h1554
=CAT  \\$aIPL-CLA$c20120930$lBLL01$h1958
=CAT  \\$aBATCH-CLA$b00$c20121103$lBLL01$h1027
=CAT  \\$aWR12_128$c20121113$lBLL01$h1832
=CAT  \\$aBATCH-CLA$b00$c20140228$lBLL01$h1618
=CAT  \\$a6537$b40$c20140303$lBLL01$h0857
=CAT  \\$aIPL-CLA$c20140331$lBLL01$h1616
=CAT  \\$aBATCH-CLA$b00$c20140829$lBLL01$h1546
=CAT  \\$aIPL-CLA$c20140930$lBLL01$h1629
=CAT  \\$aBATCH-CLA$b00$c20161130$lBLL01$h1648
=CAT  \\$aIPL-CLA$c20161230$lBLL01$h1804
=CAT  \\$aBATCH-CLA$b00$c20171130$lBLL01$h1715
=CAT  \\$aIPL-CLA$c20171231$lBLL01$h1340
=CAT  \\$aBATCH-CLA$b00$c20191129$lBLL01$h1629
=CAT  \\$aIPL-CLA$c20191231$lBLL01$h1714
=CAT  \\$aBATCH-CLA$b00$c20201126$lBLL01$h1420
=CAT  \\$aIPL-CLA$c20201231$lBLL01$h1909
=CAT  \\$a6490$b40$c20211005$lBLL01$h1406
=CAT  \\$aBATCH-CLA$b00$c20221130$lBLL01$h1456
=CAT  \\$aIPL-CLA$c20221231$lBLL01$h1825
=CAT  \\$aBATCH-CLA$b00$c20230209$lBLL01$h1542
=CAT  \\$aIPL-CLA$c20230210$lBLL01$h0041
=CFI  0\$aCurrent Copyright Fee: GBP25.00$c0$e09-feb-2023$fGBP25.00$g0$hC$5Uk
=CFI  2\$aBritish Library not licensed to copy$c0$e01-jan-2023$hC$iCFP Excluded$5Uk
=FIN  \\$aY$d20080910
=FMT  \\$a  SE
=LAS  \\$aIPL-CLA$b00$c20230210$lBLL01$h0041
=LEO  \\$aMP10.0000217433
=LEO  \\$aMP5.0000802078
=LEO  \\$aMP22.0000033519
=SRC  \\$aDSS01$bbibmp10.200404.2.aa
=SRC  \\$aBNB03$bbibmp5.200404.2.ab
=SRC  \\$aDSS03$bbibsr.200404.2.aa
=SRC  \\$aISN01$bbibmp22.200404.2.aa
=TCO  \\$aCLA$bCLA$c008

