=LDR  02487 ai a2200577 a 4500
=001  007200188
=003  Uk
=005  20120105145711.0
=007  td
=008  040416c196u9999enkuu\l\\f\\\\0\\\a2eng\\
=022  0\$a0141-4089
=040  \\$aUk$beng$cUk
=042  \\$aukblsr
=082  04$a620.1123$223
=210  0\$aEng. sci. data. Stress strength
=222  \0$aEngineering sciences data. Stress and strength
=245  00$aEngineering sciences data.$pStress and strength.
=246  13$aESDU validated engineering data.$pStress and strength
=246  13$aESDU engineering sciences data.$pStress and strength
=246  30$aStress and strength
=246  13$aESDU series on stress and strength
=260  \\$a[London] :$bEngineering Sciences Data Unit
=260  3\$a[Coulsdon] :$bIHS Global
=300  \\$av. (loose-leaf) ;$c30 cm.
=336  \\$atext$2rdacontent
=337  \\$aunmediated$2rdamedia
=338  \\$avolume$2rdacarrier
=515  \\$aEach data item has a separate ESDU number.
=588  \\$aAn Engineering sciences data subseries made up of several individually titled and updated "data items".$5Uk
=588  \\$aDescription based on: ESDU 03003, updated to Jan. 2008.
=650  \0$aMechanical engineering$vHandbooks, manuals.
=710  2\$aEngineering Sciences Data Unit.
=776  18$iAlso available on CD-ROM containing all 21 ESDU validated engineering data series:$tESDUscope
=852  71$aBritish Library$bSTI$k(TP)$hVB 43$m-E(4)$2blsrissc$3Accompanying electronic software
=852  71$aBritish Library$bSTI$k(P)$hVB 43$m-E(4)$2blsrissc$3No. 11-no. 17003 (Oct. 2017)
=985  \\$aCorrected by BSS-generated file for WR# 10/166. DO NOT MERGE with ISSN record on #009545490. Record upgraded to integrating resource record, 5/1/12 CS, sight of individual data item 03003 only
=A02  \\$a1438441$z38441
=CAT  \\$aCONV$b00$c20040425$lBLL90$h0713
=CAT  \\$aCONV$b00$c20040502$lBLL01$h1212
=CAT  \\$aBATCH$b00$c20091207$lBLL01$h0418
=CAT  \\$aBATCH$b00$c20091214$lBLL01$h0224
=CAT  \\$aBATCH$b00$c20091216$lBLL01$h0043
=CAT  \\$aBLSS-CORR$b00$c20101119$lBLL01$h1714
=CAT  \\$a8124$b40$c20120105$lBLL01$h1405
=CAT  \\$a8124$b40$c20120105$lBLL01$h1457
=FIN  \\$aY$d20120105
=FMT  \\$a  SE
=LAS  \\$a8124$b40$c20120105$lBLL01$h1457
=LKR  \\$aPAR$b012447837$lBLL01$r776$nESDUscope$mEngineering sciences data. Stress and strength
=SRC  \\$aDSS03$bbibsr.200404.2.aa
=TCO  \\$aCLA$bCLA$c008

