=LDR  02690cai a2200625 a 4500
=001  007200206
=003  Uk
=005  20130524091407.0
=007  td
=008  040416c19429999enkuu\l\\f\\\\0\\\a2eng\\
=022  0\$a0141-397X
=040  \\$aUk$beng$cUk
=042  \\$aukblsr
=082  04$a629.1323$223
=210  0\$aEng. sci. data. Aerodyn. sub-ser.
=222  \0$aEngineering sciences data. Aerodynamics sub-series
=245  00$aEngineering sciences data.$pAerodynamics.
=246  13$aEngineering sciences data.$pAerodynamics sub-series
=246  13$aESDU series on aerodynamics
=246  13$aESDU engineering sciences data.$pAerodynamics
=246  30$aAerodynamics
=246  30$aAerodynamics sub-series
=260  \\$a[London] :$bEngineering Sciences Data Unit,$c[1942]-
=260  3\$a[Coulsdon] :$bIHS Global
=300  \\$av. (loose-leaf) ;$c30 cm. +$eCD-ROMs.
=336  \\$atext$2rdacontent
=337  \\$aunmediated$2rdamedia
=338  \\$avolume$2rdacarrier
=515  \\$aEach data item has a separate ESDU number.
=588  \\$aAn Engineering sciences data subseries made up of several individually titled and updated "data items".$5Uk
=588  \\$aDescription based on: ESDU 08012, updated to June 2009.
=650  \0$aAerodynamics$vHandbooks, manuals, etc.
=710  2\$aEngineering Sciences Data Unit.
=710  2\$aInstitution of Mechanical Engineers (Great Britain)
=776  18$iAlso available on CD-ROM containing all 21 ESDU validated engineering data series:$tESDUscope
=852  71$aBritish Library$bSTI$k(P)$hVB 43$m-E(4)$3No. 59-no. 99006 (Aug. 2018)
=852  71$aBritish Library$bSTI$k(TP)$hVB 43$m-E(4)$2blsrissc$3Accompanying electronic software
=985  \\$aCorrected by BSS-generated file for WR# 10/166 Do not merge with ISSN record on: 009545479. Merged and upgraded to Integrating resource record, sight of individual data items only, including ESDU 08012, 3/1/12, CS
=A02  \\$a1438430$z38430
=CAT  \\$aCONV$b00$c20040425$lBLL90$h0713
=CAT  \\$aCONV$b00$c20040502$lBLL01$h1212
=CAT  \\$aBATCH$b00$c20091207$lBLL01$h0418
=CAT  \\$aBATCH$b00$c20091214$lBLL01$h0224
=CAT  \\$aBATCH$b00$c20091216$lBLL01$h0043
=CAT  \\$aBLSS-CORR$b00$c20101119$lBLL01$h1714
=CAT  \\$a8124$b40$c20120103$lBLL01$h1429
=CAT  \\$a8124$b40$c20120105$lBLL01$h1510
=CAT  \\$a8871$b40$c20120816$lBLL01$h1536
=CAT  \\$a10932$b40$c20130524$lBLL01$h0914
=FIN  \\$aY$d20120103
=FMT  \\$a  SE
=LAS  \\$a10932$b40$c20130524$lBLL01$h0914
=LKR  \\$aPAR$b012447837$lBLL01$r776$nESDUscope$mEngineering sciences data. Aerodynamics
=SRC  \\$aDSS03$bbibsr.200404.2.aa
=TCO  \\$aCLA$bCLA$c008

