=LDR  02582 ai a2200625 a 4500
=001  007200570
=003  Uk
=005  20130524091320.0
=007  td
=008  040416c196u9999enkuu\l\\f\\\\0\\\a2eng\\
=022  0\$a0141-4046
=040  \\$aUk$beng$cUk
=042  \\$aukblsr
=082  04$a621.8$222
=210  0\$aEng. sci. data. Mech. sub-ser.
=222  \0$aEngineering sciences data. Mechanisms sub-series
=245  00$aEngineering sciences data.$pMechanisms.
=246  30$aMechanisms
=246  13$aESDU engineering sciences data.$pMechanisms sub-series
=246  13$aESDU series on mechanisms
=246  13$aESDU validated engineering data.$pMechanisms sub-series
=260  \\$a[London] :$bEngineering Sciences Data Unit
=260  3\$a[Coulsdon] :$bIHS Global
=300  \\$av. (loose-leaf) ;$c30 cm. +$eCD-ROMs.
=336  \\$atext$2rdacontent
=337  \\$aunmediated$2rdamedia
=338  \\$avolume$2rdacarrier
=515  \\$aEach data item has a separate ESDU number.
=588  \\$aAn Engineering sciences data subseries made up of several individually titled and updated "data items".$5Uk
=588  \\$aDescription based on: ESDU 00004, updated to Sept. 2011.
=650  \0$aMechanical engineering$vHandbooks, manuals.
=710  2\$aEngineering Sciences Data Unit.
=710  2\$aInstitution of Mechanical Engineers (Great Britain)
=776  18$iAlso available on CD-ROM containing all 21 ESDU validated engineering data series:$tESDUscope
=852  71$aBritish Library$bSTI$k(P)$hVB 43$m-E(4)
=852  71$aBritish Library$bSTI$k(TP)$hVB 43$m-E(4)$3Accompanying electronic software
=985  \\$aDO NOT MERGE with ISSN record on #09545486. Record upgraded to integrating resource record, 3/1/12 CS, sight of individual data items including 00004 only
=A02  \\$a1438434$z38434
=CAT  \\$aCONV$b00$c20040425$lBLL90$h0713
=CAT  \\$aCONV$b00$c20040502$lBLL01$h1212
=CAT  \\$aBATCH$b00$c20091207$lBLL01$h0418
=CAT  \\$aBATCH$b00$c20091214$lBLL01$h0224
=CAT  \\$aBATCH$b00$c20091216$lBLL01$h0043
=CAT  \\$a8124$b40$c20120105$lBLL01$h1203
=CAT  \\$a8124$b40$c20120105$lBLL01$h1205
=CAT  \\$a8124$b40$c20120105$lBLL01$h1405
=CAT  \\$a8124$b40$c20120105$lBLL01$h1457
=CAT  \\$a8871$b40$c20120816$lBLL01$h1534
=CAT  \\$a10932$b40$c20130524$lBLL01$h0913
=FIN  \\$aY$d20120105
=FMT  \\$a  SE
=LAS  \\$a10932$b40$c20130524$lBLL01$h0913
=LKR  \\$aPAR$b012447837$lBLL01$r776$nESDUscope$mEngineering sciences data. Mechanisms
=SRC  \\$aDSS03$bbibsr.200404.2.aa
=TCO  \\$aZZZ$c008

