=LDR  01374cas a2200409 i 4500
=001  007202491
=003  Uk
=005  20220615105947.0
=007  ta
=008  040417d198u19uuenkuu\p\\\\\\\0\\\a0eng\\
=040  \\$aUk$beng$cUk$erda
=042  \\$aukblsr
=082  04$a796.334094021$223
=245  00$aSoccerinfo :$bEuropean football newsletter.
=264  \1$a[Great Britain] :$b[publisher not identified],$c[1986?]-
=300  \\$c21 cm
=336  \\$atext$2rdacontent
=337  \\$aunmediated$2rdamedia
=338  \\$avolume$2rdacarrier
=588  \\$aDescription based on: volume 2, no. 9 (5th May 1987).
=650  \0$aSoccer$zEurope$vStatistics$vPeriodicals.
=852  41$aBritish Library$bHMNTS$jRH.9.x.1190
=985  \\$aISSN note: cannot confirm same as ISSN 0960-9687 - insufficient data to match.
=A02  \\$a1098539$z98539
=CAT  \\$aCONV$b00$c20040425$lBLL90$h0713
=CAT  \\$aCONV$b00$c20040502$lBLL01$h1212
=CAT  \\$aBATCH$b00$c20091207$lBLL01$h0419
=CAT  \\$aBATCH$b00$c20091214$lBLL01$h0225
=CAT  \\$aBATCH$b00$c20091216$lBLL01$h0044
=CAT  \\$aW2102-0046$b00$c20210423$lBLL01$h1817
=CAT  \\$a10806$b40$c20220615$lBLL01$h1055
=CAT  \\$a10806$b40$c20220615$lBLL01$h1059
=FIN  \\$aY$d20220615
=FMT  \\$a  SE
=LAS  \\$a10806$b40$c20220615$lBLL01$h1059
=SRC  \\$aDSS04$bbibld.200404.2.aa
=TCO  \\$aZZZ$c008

