=LDR  05166cai a2201081 a 4500
=001  007205320
=003  Uk
=005  20230210004203.0
=007  td
=008  040514d20032015enk\x\l\\\\\\\0\\\a0eng\\
=016  \\$a007205320
=020  \\$a9781904501114
=022  0\$a1740-7648
=040  \\$aUk$beng$cUk$dUk
=042  \\$aukblsr
=082  04$a341.2422$223
=222  \0$aLaw of the European Union
=245  00$aLaw of the European Union /$cDavid Vaughan and Aidan Robertson,editors.
=260  \\$aRichmond :$bRichmond Law & Tax,$c2003-
=264  31$aOxford :$bOxford University Press
=300  \\$a1 v. (loose-leaf)
=336  \\$atext$2rdacontent
=337  \\$aunmediated$2rdamedia
=338  \\$avolume$2rdacarrier
=540  \\$aCurrent Copyright Fee: GBP16.00$c0$5Uk
=588  \\$aDescription based on: work updated to issue 40 (2014).
=650  \0$aLaw$zEuropean Union countries$vHandbooks, manuals, etc.$zEuropean Union countries.
=700  1\$aVaughan, David,$d1938-
=700  1\$aRobertson, Aidan.
=852  41$aBritish Library$bHMNTS$jZC.9.a.8797$3Issue 1 (2003)-issue 45/46 (2015)
=852  11$aBritish Library$bHMNTS$cSPHOA$kOPL$h349.41
=985  \\$aDO NOT MERGE with ISSN record on #016043388. Record merged & upgraded to Integrating Resource record without sight of originals, 6/3/12, CS
=A02  \\$a3021769$z0
=ACF  \\$aPrevious Copyright Fee: GBP16.00$c0$e01-apr-2012$fGBP16.00$g0$hC$5Uk
=ACF  \\$aPrevious Copyright Fee: GBP16.00$c0$e01-jan-2012$fGBP16.00$g0$hC$5Uk
=ACF  \\$aPrevious Copyright Fee: GBP16.00$c0$e01-oct-2011$fGBP16.00$g0$hC$5Uk
=ACF  \\$aPrevious Copyright Fee: GBP16.00$c0$e01-jul-2011$fGBP16.00$g0$hC$5Uk
=ACF  \\$aPrevious Copyright Fee: GBP16.00$c0$e01-apr-2011$fGBP16.00$g0$hC$5Uk
=ACF  \\$aPrevious Copyright Fee: GBP16.00$c0$e01-jan-2011$fGBP16.00$g0$hC$5Uk
=ACF  \\$aPrevious Copyright Fee: GBP16.00$c0$e01-oct-2010$fGBP16.00$g0$hC$5Uk
=ACF  \\$aPrevious Copyright Fee: GBP16.00$c0$e01-jul-2010$fGBP16.00$g0$hC$5Uk
=ACF  \\$aPrevious Copyright Fee: GBP16.00$c0$e01-apr-2010$fGBP16.00$g0$hC$5Uk
=ACF  \\$aPrevious Copyright Fee: GBP16.00$c0$e01-Jan-2010$fGBP16.00$g0$hC$5Uk
=ACF  \\$aPrevious Copyright Fee: GBP16.00$c0$e01-oct-2009$fGBP16.00$g0$hC$5Uk
=ACF  \\$aPrevious Copyright Fee: GBP16.00$c0$e01-jul-2009$fGBP16.00$g0$hC$5Uk
=ACF  \\$aPrevious Copyright Fee: GBP16.00$c0$e01-apr-2009$fGBP16.00$g0$hC$5Uk
=ACF  \\$aPrevious Copyright Fee: GBP6.00$c0$e01-apr-2008$fGBP6.00$g0$hC$5Uk
=ACF  \\$aPrevious Copyright Fee: GBP6.00$c0$e01-jan-2008$fGBP6.00$g0$hC$5Uk
=ACF  \\$aPrevious Copyright Fee: GBP5.00$c0$e01-oct-2007$fGBP5.00$g0$hC$5Uk
=ACF  \\$aPrevious Copyright Fee: GBP5.00$c0$e01-jul-2007$fGBP5.00$g0$hC$5Uk
=ACF  \\$aPrevious Copyright Fee: GBP5.00$c0$e01-apr-2007$fGBP5.00$g0$hC$5Uk
=ACF  \\$aPrevious Copyright Fee: GBP5.00$c0$e01-jan-2007$fGBP5.00$g0$hC$5Uk
=ACF  \\$aPrevious Copyright Fee: GBP5.00$c0$e01-oct-2006$fGBP5.00$g0$hC$5Uk
=ACF  \\$aPrevious Copyright Fee: GBP5.00$c0$e01-jul-2006$fGBP5.00$g0$hC$5Uk
=ACF  \\$aPrevious Copyright Fee: GBP5.00$c0$e01-apr-2006$fGBP5.00$g0$hC$5Uk
=ACF  \\$aPrevious Copyright Fee: GBP5.00$c0$e01-jan-2006$fGBP5.00$g0$hC$5Uk
=ACF  \\$aPrevious Copyright Fee: GBP16.00$c0$e01-jul-2012$fGBP16.00$g0$hC$5Uk
=ACF  \\$aPrevious Copyright Fee: GBP16.00$c0$e01-oct-2012$fGBP16.00$g0$hC$5Uk
=CAT  \\$aCONV$b00$c20040425$lBLL90$h0713
=CAT  \\$aIPL-CLA$c20100930$lBLL01$h1445
=CAT  \\$aBATCH-CLA$b00$c20101115$lBLL01$h1604
=CAT  \\$aIPL-CLA$c20101231$lBLL01$h1156
=CAT  \\$aBATCH-CLA$b00$c20110228$lBLL01$h1533
=CAT  \\$aIPL-CLA$c20110331$lBLL01$h1425
=CAT  \\$aBATCH-CLA$b00$c20110531$lBLL01$h1642
=CAT  \\$aIPL-CLA$c20110630$lBLL01$h1506
=CAT  \\$aBATCH-CLA$b00$c20110831$lBLL01$h1756
=CAT  \\$aIPL-CLA$c20110930$lBLL01$h1504
=CAT  \\$aBATCH-CLA$b00$c20111130$lBLL01$h1201
=CAT  \\$aIPL-CLA$c20111230$lBLL01$h1700
=CAT  \\$aBATCH-CLA$b00$c20120229$lBLL01$h1617
=CAT  \\$a8124$b40$c20120306$lBLL01$h0827
=CAT  \\$aIPL-CLA$c20120330$lBLL01$h1351
=CAT  \\$aBATCH-CLA$b00$c20120531$lBLL01$h1721
=CAT  \\$aIPL-CLA$c20120629$lBLL01$h0947
=CAT  \\$aBATCH-CLA$b00$c20120831$lBLL01$h1546
=CAT  \\$aIPL-CLA$c20120930$lBLL01$h1958
=CAT  \\$aBATCH-CLA$b00$c20121103$lBLL01$h1026
=CAT  \\$a8124$b40$c20140520$lBLL01$h0937
=CAT  \\$aWR16_021$c20160609$lBLL01$h1945
=CAT  \\$aBATCH-016$c20160905$lBLL01$h1704
=CAT  \\$a7764$b40$c20221003$lBLL01$h1736
=CAT  \\$aBATCH-CLA$b00$c20221130$lBLL01$h1459
=CAT  \\$aIPL-CLA$c20221231$lBLL01$h1825
=CAT  \\$aBATCH-CLA$b00$c20230209$lBLL01$h1545
=CAT  \\$aIPL-CLA$c20230210$lBLL01$h0042
=CFI  0\$aCurrent Copyright Fee: GBP16.00$c0$e09-feb-2023$fGBP16.00$g0$hC$5Uk
=CFI  2\$aBritish Library not licensed to copy$c0$e01-jan-2023$hC$iCFP Excluded$5Uk
=FIN  \\$aY$d20041216
=FMT  \\$a  SE
=LAS  \\$aIPL-CLA$b00$c20230210$lBLL01$h0042
=SRC  \\$aDSS04$bbibld.200404.2.aa
=TCO  \\$aCLA$bCLA$c008

