=LDR  01620 as a2200469 i 4500
=001  007205541
=003  Uk
=005  20210917172126.0
=007  ta
=008  040417c19939999enkmr\p\\\\\\\0\\\a0eng\\
=022  \\$y0946-8862
=040  \\$aUk$beng$cUk$erda
=042  \\$aukblsr
=082  04$a796.334630942496$223
=245  00$aClaret and blue.
=246  3\$aClaret & blue
=264  \1$aBirmingham :$bSports Projects Ltd,$c1993-
=300  \\$billustrations (black and white, and colour) ;$c30 cm
=310  \\$aMonthly
=336  \\$atext$2rdacontent
=337  \\$aunmediated$2rdamedia
=338  \\$avolume$2rdacarrier
=362  0\$aNumber 1 issue (September 1993)-
=588  \\$aLatest issue consulted: number 44 (May 2000).
=610  20$aAston Villa (Soccer team)$vPeriodicals.
=650  \0$aSoccer$zEngland$zBirmingham$vPeriodicals.
=852  41$aBritish Library$bHMNTS$jZK.9.b.19101$3No. 1 (Sept. 1993)-no. 44 (May 2000)
=985  \\$aISSN printed on item is an incorrect German one, confirmed with German ISSN centre by RB 06/01/21.
=A02  \\$a1111819$z111819
=CAT  \\$aCONV$b00$c20040425$lBLL90$h0713
=CAT  \\$aCONV$b00$c20040502$lBLL01$h1212
=CAT  \\$aBATCH$b00$c20091207$lBLL01$h0420
=CAT  \\$aBATCH$b00$c20091214$lBLL01$h0226
=CAT  \\$aBATCH$b00$c20091216$lBLL01$h0045
=CAT  \\$a10969$b40$c20210106$lBLL01$h1535
=CAT  \\$aW2102-0046$b00$c20210423$lBLL01$h1817
=CAT  \\$a10969$b40$c20210917$lBLL01$h1721
=FIN  \\$aY$d20210917
=FMT  \\$a  SE
=LAS  \\$a10969$b40$c20210917$lBLL01$h1721
=SRC  \\$aDSS04$bbibld.200404.2.aa
=TCO  \\$aZZZ$c008

