=LDR  04959cas a2201081ua 4500
=001  007214217
=003  Uk
=005  20230210004216.0
=007  ta
=008  040114d19942001enkbr\p\\\\\\\0\\\a0eng\\
=019  1\$abld00M9649
=022  0\$a1477-061X$202
=040  \\$aUk$cUk$dUk
=082  \\$a362.41$222$qUK-WkNB
=110  2\$aNational Association of Local Societies for the Visually Impaired.
=222  \0$aNALSVI news
=245  10$aNALSVI news.
=260  \\$aNewport :$bNALSVI,$c1994-
=300  \\$a[43?] v. ;$c30 cm.
=310  \\$aSix issues yearly
=336  \\$atext$2rdacontent
=337  \\$aunmediated$2rdamedia
=338  \\$avolume$2rdacarrier
=362  0\$a19 (Nov. 1994)-
=500  \\$aCeased in 2001?.
=540  \\$aCurrent Copyright Fee: GBP25.00$c0$5Uk
=580  \\$aContinued by: National Association of Local Societies for Visually Impaired People. NALSVI news.
=610  20$aNational Association of Local Societies for the Visually Impaired$vPeriodicals.
=690  7\$aSocial Welfare$2blcoll
=780  00$aNational Association of Local Societies for the Visually Impaired$tNewsletter
=785  00$aNational Association of Local Societies for Visually Impaired People.$tNALSVI news
=852  41$aBritish Library$bHMNTS$jZK.9.b.19480$319 (Nov. 1994)-issue 102 (Apr. 2010)
=957  \\$a020515c
=985  \\$aCorrected by MS generated file for WR# 12.018
=985  \\$aDo not merge with ISSN record on 012088562 which has included continuing titles on same record
=ACF  \\$aPrevious Copyright Fee: GBP12.00$c0$e01-apr-2012$fGBP12.00$g0$hC$5Uk
=ACF  \\$aPrevious Copyright Fee: GBP12.00$c0$e01-jan-2012$fGBP12.00$g0$hC$5Uk
=ACF  \\$aPrevious Copyright Fee: GBP10.50$c0$e01-oct-2011$fGBP10.50$g0$hC$5Uk
=ACF  \\$aPrevious Copyright Fee: GBP10.50$c0$e01-jul-2011$fGBP10.50$g0$hC$5Uk
=ACF  \\$aPrevious Copyright Fee: GBP10.50$c0$e01-apr-2011$fGBP10.50$g0$hC$5Uk
=ACF  \\$aPrevious Copyright Fee: GBP10.50$c0$e01-jan-2011$fGBP10.50$g0$hC$5Uk
=ACF  \\$aPrevious Copyright Fee: GBP9.00$c0$e01-oct-2010$fGBP9.00$g0$hC$5Uk
=ACF  \\$aPrevious Copyright Fee: GBP9.00$c0$e01-jul-2010$fGBP9.00$g0$hC$5Uk
=ACF  \\$aPrevious Copyright Fee: GBP9.00$c0$e01-apr-2010$fGBP9.00$g0$hC$5Uk
=ACF  \\$aPrevious Copyright Fee: GBP9.00$c0$e01-Jan-2010$fGBP9.00$g0$hC$5Uk
=ACF  \\$aPrevious Copyright Fee: GBP6.00$c0$e01-oct-2009$fGBP6.00$g0$hC$5Uk
=ACF  \\$aPrevious Copyright Fee: GBP12.00$c0$e01-jul-2012$fGBP12.00$g0$hC$5Uk
=ACF  \\$aPrevious Copyright Fee: GBP12.00$c0$e01-oct-2012$fGBP12.00$g0$hC$5Uk
=ACF  \\$aPrevious Copyright Fee: GBP12.30$c0$e01-jan-2014$fGBP12.30$g0$hC$5Uk
=ACF  \\$aPrevious Copyright Fee: GBP15.00$c0$e01-jan-2017$fGBP15.00$g0$hC$5Uk
=ACF  \\$aPrevious Copyright Fee: GBP17.50$c0$e01-jan-2018$fGBP17.50$g0$hC$5Uk
=ACF  \\$aPrevious Copyright Fee: GBP20.00$c0$e01-jan-2020$fGBP20.00$g0$hC$5Uk
=ACF  \\$aPrevious Copyright Fee: GBP22.50$c0$e01-jan-2021$fGBP22.50$g0$hC$5Uk
=CAT  \\$aCONV$b00$c20040425$lBLL90$h0721
=CAT  \\$aIPL-CLA$c20110930$lBLL01$h1505
=CAT  \\$aBATCH-CLA$b00$c20111130$lBLL01$h1221
=CAT  \\$aIPL-CLA$c20111230$lBLL01$h1700
=CAT  \\$aBATCH-CLA$b00$c20120229$lBLL01$h1639
=CAT  \\$aIPL-CLA$c20120330$lBLL01$h1351
=CAT  \\$aBATCH-CLA$b00$c20120531$lBLL01$h1724
=CAT  \\$aIPL-CLA$c20120629$lBLL01$h0947
=CAT  \\$aBLSS-CORR$b00$c20120724$lBLL01$h1754
=CAT  \\$aBATCH-SWP$c20120727$lBLL01$h2248
=CAT  \\$aBATCH-CLA$b00$c20120831$lBLL01$h1549
=CAT  \\$aIPL-CLA$c20120930$lBLL01$h1958
=CAT  \\$aBATCH-CLA$b00$c20121103$lBLL01$h1026
=CAT  \\$aBATCH-CLA$b00$c20131129$lBLL01$h1702
=CAT  \\$aIPL-CLA$c20131231$lBLL01$h1844
=CAT  \\$aBATCH-CLA$b00$c20161130$lBLL01$h1648
=CAT  \\$aIPL-CLA$c20161230$lBLL01$h1804
=CAT  \\$aBATCH-CLA$b00$c20171130$lBLL01$h1712
=CAT  \\$aIPL-CLA$c20171231$lBLL01$h1341
=CAT  \\$aBATCH-CLA$b00$c20191129$lBLL01$h1631
=CAT  \\$aIPL-CLA$c20191231$lBLL01$h1715
=CAT  \\$aBATCH-CLA$b00$c20201126$lBLL01$h1420
=CAT  \\$aIPL-CLA$c20201231$lBLL01$h1909
=CAT  \\$a8124$b40$c20210217$lBLL01$h1155
=CAT  \\$aBATCH-CLA$b00$c20221130$lBLL01$h1457
=CAT  \\$aIPL-CLA$c20221231$lBLL01$h1826
=CAT  \\$aBATCH-CLA$b00$c20230209$lBLL01$h1543
=CAT  \\$aIPL-CLA$c20230210$lBLL01$h0042
=CFI  0\$aCurrent Copyright Fee: GBP25.00$c0$e09-feb-2023$fGBP25.00$g0$hC$5Uk
=CFI  2\$aBritish Library not licensed to copy$c0$e01-jan-2023$hC$iCFP Excluded$5Uk
=FIN  \\$aY
=FMT  \\$a  SE
=LAS  \\$aIPL-CLA$b00$c20230210$lBLL01$h0042
=LEO  \\$aMP22.0000068962
=LEO  \\$aMP13.0000138797
=LKR  \\$aPAR$b007214214$lBLL01$r78000$mNALSVI news$nNewsletter.
=SRC  \\$aISN01$bbibmp22.200404.2.aa
=SRC  \\$aDSS04$bbibld.200404.2.aa
=SRC  \\$aHSS01$bbibmp13.200404.2.aa
=TCO  \\$aCLA$bCLA$c008

