=LDR  04673cas a2201105 a 4500
=001  007233206
=003  Uk
=005  20221231182620.0
=007  ta
=008  940315c19869999ie\ar\p\\\\\\\0\\\a0eng\\
=015  \\$aGB9423921$2bnb
=019  y\$ab9423921
=019  9\$ab9423921
=019  1\$ab9423921
=019  1\$ar7304799
=019  c\$a2334060
=022  0\$a0790-7915
=039  0\$a2283
=040  \\$aUk$cUk$dUk
=041  0\$aeng$agle
=082  04$a941.507$220
=222  \0$aEighteenth-century Ireland
=245  00$aEighteenth-century Ireland :$bIris an dá chultúr /$cedited by Alan Harrison and Ian Campbell Ross.
=260  \\$aDublin :$bEighteenth-Century Ireland Society,$c1986-
=300  \\$av. ;$c23 cm.
=310  \\$aAnnual
=336  \\$atext$2rdacontent
=337  \\$aunmediated$2rdamedia
=338  \\$avolume$2rdacarrier
=362  0\$aVol. 1 (1986)-
=500  \\$aDescription based on: Vol. 3 (1988)
=540  \\$aCurrent Copyright Fee: GBP25.00$c0$5Uk
=546  \\$aEnglish and Irish text.
=588  \\$aLatest issue consulted: volume 35 (2020).
=595  \\$aSee also card index.
=651  \0$aIreland$xCivilization$y18th century$vPeriodicals.
=710  2\$aEighteenth-Century Ireland Society.
=852  41$aBritish Library$bDSC$j3665.228000$3Vol. 1 (1986)-v. 23 (2008)***UKRR Retained Title
=852  41$aBritish Library$bHMNTS$jZC.9.a.3841$3Vol. 3 (1988)-Vol .35(2020)
=945  \\$aEighteenth Century Ireland
=959  \\$fHeld but not currently received
=963  \\$aVol. 1 (1986)-$bN$cP554.C.46
=985  \\$aRecord merged by DQ team
=985  \\$aUpgraded by BSS-generated file for WR2011-1473
=985  \\$aISSN UK: Due to switch to LUP in 2021 - please seek transfer of ISSN from Ireland (Richard, 23/02/21). Vol. 35 (2020) still quotes publisher as Eighteenth-Century Ireland Society (Richard, 13/10/21). Print copy of volume 36 requested 17/12/2021 DLW. PDF copy of volume 36 (2021) rec'd 19/1/22, Eighteenth-Century Ireland Society, Dublin quoted as publisher.
=A02  \\$a2334060
=ACF  \\$aPrevious copyright fee: GBP5.00$c0$e01-jul-2002$fGBP5.00$g0$hC$5Uk
=ACF  \\$aCurrent copyright fee: GBP4.40$c0$e01-jul-1998$fGBP4.40$g0$hA$5Uk
=ACF  \\$aCurrent copyright fee: GBP4.20$c0$e01-apr-1997$fGBP4.20$g0$hA$5Uk
=ACF  \\$aPrevious copyright fee: GBP10.50$c0$e01-jan-2011$fGBP10.50$g0$hA$5Uk
=ACF  \\$aPrevious copyright fee: GBP12.00$c0$e01-jan-2012$fGBP12.00$g0$hA$5Uk
=ACF  \\$aPrevious Copyright Fee: GBP12.30$c0$e01-jan-2014$fGBP12.30$g0$hA$5Uk
=ACF  \\$aPrevious Copyright Fee: GBP15.00$c0$e01-jan-2017$fGBP15.00$g0$hA$5Uk
=ACF  \\$aPrevious Copyright Fee: GBP17.50$c0$e01-jan-2018$fGBP17.50$g0$hA$5Uk
=ACF  \\$aPrevious Copyright Fee: GBP20.00$c0$e01-jan-2020$fGBP20.00$g0$hA$5Uk
=CAT  \\$aCONV$b00$c20040425$lBLL90$h0726
=CAT  \\$aBATCH-UPD$b40$c20101201$lBLL01$h1210
=CAT  \\$aIPL-CLA$c20101231$lBLL01$h1157
=CAT  \\$a8180$b40$c20110113$lBLL01$h0815
=CAT  \\$aWR11_203$c20111204$lBLL01$h1255
=CAT  \\$aIPL-CLA$c20111230$lBLL01$h1700
=CAT  \\$aBATCH-CLA$b00$c20121103$lBLL01$h1026
=CAT  \\$aBATCH-CLA$c20131217$lBLL01$h0108
=CAT  \\$aIPL-CLA$c20131231$lBLL01$h1845
=CAT  \\$aWR14_140$c20140905$lBLL01$h1715
=CAT  \\$aBATCH-CLA$b00$c20161222$lBLL01$h1655
=CAT  \\$aIPL-CLA$c20161230$lBLL01$h1805
=CAT  \\$aBATCH-CLA$b00$c20171222$lBLL01$h1950
=CAT  \\$aIPL-CLA$c20171231$lBLL01$h1341
=CAT  \\$aBATCH-CLA$b00$c20191219$lBLL01$h1620
=CAT  \\$aIPL-CLA$c20191231$lBLL01$h1715
=CAT  \\$aR2001-1524$c20200127$lBLL01$h1922
=CAT  \\$aW2011-1473$b00$c20201124$lBLL01$h1820
=CAT  \\$aBATCH-CLA$b00$c20201204$lBLL01$h1415
=CAT  \\$aIPL-CLA$c20201231$lBLL01$h1909
=CAT  \\$a10806$b40$c20210223$lBLL01$h1117
=CAT  \\$a10806$b40$c20211013$lBLL01$h1048
=CAT  \\$a10973$b40$c20211217$lBLL01$h1006
=CAT  \\$a10973$b40$c20220202$lBLL01$h1106
=CAT  \\$aBATCH-CLA$b00$c20221221$lBLL01$h1718
=CAT  \\$aIPL-CLA$c20221231$lBLL01$h1826
=CFI  0\$aCurrent Copyright Fee: GBP25.00$c0$e01-jan-2023$fGBP25.00$g0$hA$5Uk
=CFI  2\$aPrevious Copyright Fee: GBP22.50$c0$e01-jan-2021$fGBP22.50$g0$hA$5Uk
=FIN  \\$aY
=FMT  \\$a  SE
=LAS  \\$aIPL-CLA$b00$c20221231$lBLL01$h1826
=LEO  \\$aMP5.0000816803
=LEO  \\$aMP13.0000325135
=LEO  \\$aMP13.0001208968
=LEO  \\$aMP10.0000204360
=SRC  \\$aDSS01$bbibmp10.200404.2.aa
=SRC  \\$aHSS01$bbibmp13.200404.2.ab
=SRC  \\$aBNB03$bbibmp5.200404.2.ab
=SRC  \\$aHSS01$bbibmp13.200404.2.aa
=TCO  \\$aIRL$bICLA$c008

