=LDR  05124cas a2201213ua 4500
=001  007245948
=003  Uk
=005  20230210004305.0
=006  aa\\\|||||||||||||
=007  ta
=008  960814d19932013enkar\p\\\\\\\0\\\a0eng\\
=015  \\$aGB9661623$2bnb
=019  y\$ab9661623
=019  9\$ab9661623
=019  c\$a1068716
=019  1\$ab9661623
=022  0\$a1364-2219$202
=039  0\$a2401
=040  \\$aUk$cUk
=082  04$a299.93$220
=210  0\$aSacred hoop
=222  \0$aSacred hoop
=245  00$aSacred hoop.
=260  \\$aEvesham (28 Cowl Street, Evesham, Worcs., WR11 4PL) :$bSacred Hoop,$c1993-2013.
=300  \\$av. :$bill. ;$c30cm.
=310  \\$aQuarterly
=336  \\$atext$2rdacontent
=337  \\$aunmediated$2rdamedia
=338  \\$avolume$2rdacarrier
=362  0\$aIssue 1 (1993)-issue 79 (2013).
=500  \\$aDescription based on: Issue 12 (spring 1996)
=540  \\$aCurrent Copyright Fee: GBP25.00$c0$5Uk
=595  \\$aSEE CARD INDEX.
=650  \0$aShamanism$xPeriodicals.
=653  1\$aShamanism
=776  08$iAlso issued online as:$tSacred hoop$x2514-2909
=852  41$aBritish Library$bDSC$j8062.739850
=852  41$aBritish Library$bHMNTS$jZK.9.b.9746$3Issue 12 (1996)-issue 93(2016)
=886  2\$2blmarc$a959
=945  \\$aSACRED HOOP.
=985  \\$aISSN UK Centre note: info from publisher (06.03.2017): issues 80-93 printed on demand. Subsequent issues to be sent electronically. ISSN UK, 06.03.2016.
=A02  \\$a1068716
=ACF  \\$aPrevious Copyright Fee: GBP12.00$c0$e01-apr-2012$fGBP12.00$g0$hC$5Uk
=ACF  \\$aPrevious Copyright Fee: GBP12.00$c0$e01-jan-2012$fGBP12.00$g0$hC$5Uk
=ACF  \\$aPrevious Copyright Fee: GBP10.50$c0$e01-oct-2011$fGBP10.50$g0$hC$5Uk
=ACF  \\$aPrevious Copyright Fee: GBP10.50$c0$e01-jul-2011$fGBP10.50$g0$hC$5Uk
=ACF  \\$aPrevious Copyright Fee: GBP10.50$c0$e01-apr-2011$fGBP10.50$g0$hC$5Uk
=ACF  \\$aPrevious Copyright Fee: GBP10.50$c0$e01-jan-2011$fGBP10.50$g0$hC$5Uk
=ACF  \\$aPrevious Copyright Fee: GBP9.00$c0$e01-oct-2010$fGBP9.00$g0$hC$5Uk
=ACF  \\$aPrevious Copyright Fee: GBP9.00$c0$e01-jul-2010$fGBP9.00$g0$hC$5Uk
=ACF  \\$aPrevious Copyright Fee: GBP9.00$c0$e01-apr-2010$fGBP9.00$g0$hC$5Uk
=ACF  \\$aPrevious Copyright Fee: GBP9.00$c0$e01-Jan-2010$fGBP9.00$g0$hC$5Uk
=ACF  \\$aPrevious Copyright Fee: GBP6.00$c0$e01-oct-2009$fGBP6.00$g0$hC$5Uk
=ACF  \\$aPrevious copyright fee: GBP6.00$c0$e01-apr-2008$fGBP6.00$g0$hA$5Uk
=ACF  \\$aPrevious copyright fee: GBP5.00$c0$e07-jan-2004$fGBP5.00$g0$hA$5Uk
=ACF  \\$aPrevious Copyright Fee: GBP12.00$c0$e01-jul-2012$fGBP12.00$g0$hC$5Uk
=ACF  \\$aPrevious Copyright Fee: GBP12.00$c0$e01-oct-2012$fGBP12.00$g0$hC$5Uk
=ACF  \\$aPrevious Copyright Fee: GBP12.30$c0$e01-jan-2014$fGBP12.30$g0$hC$5Uk
=ACF  \\$aPrevious Copyright Fee: GBP15.00$c0$e01-jan-2017$fGBP15.00$g0$hC$5Uk
=ACF  \\$aPrevious Copyright Fee: GBP17.50$c0$e01-jan-2018$fGBP17.50$g0$hC$5Uk
=ACF  \\$aPrevious Copyright Fee: GBP20.00$c0$e01-jan-2020$fGBP20.00$g0$hC$5Uk
=ACF  \\$aPrevious Copyright Fee: GBP22.50$c0$e01-jan-2021$fGBP22.50$g0$hC$5Uk
=CAT  \\$aWR09-126
=CAT  \\$aBATCH-CLA$b00$c20120531$lBLL01$h1707
=CAT  \\$aIPL-CLA$c20120629$lBLL01$h0948
=CAT  \\$aBATCH-CLA$b00$c20120831$lBLL01$h1538
=CAT  \\$aIPL-CLA$c20120930$lBLL01$h2000
=CAT  \\$aBATCH-CLA$b00$c20121103$lBLL01$h1025
=CAT  \\$aWR13.005$c20130323$lBLL01$h1314
=CAT  \\$aBATCH-CLA$b00$c20131129$lBLL01$h1645
=CAT  \\$aIPL-CLA$c20131231$lBLL01$h1846
=CAT  \\$aWR14_140$c20140905$lBLL01$h1718
=CAT  \\$aBATCH-CLA$b00$c20161130$lBLL01$h1634
=CAT  \\$aIPL-CLA$c20161230$lBLL01$h1806
=CAT  \\$a11313$b40$c20170306$lBLL01$h0819
=CAT  \\$a11313$b40$c20170306$lBLL01$h1328
=CAT  \\$a11313$b40$c20170306$lBLL01$h1333
=CAT  \\$a11313$b40$c20170306$lBLL01$h1334
=CAT  \\$a11313$b40$c20170306$lBLL01$h1342
=CAT  \\$a8483$b40$c20170915$lBLL01$h1006
=CAT  \\$aBATCH-CLA$b00$c20171130$lBLL01$h1702
=CAT  \\$aIPL-CLA$c20171231$lBLL01$h1342
=CAT  \\$aBATCH-CLA$b00$c20191129$lBLL01$h1623
=CAT  \\$aIPL-CLA$c20191231$lBLL01$h1716
=CAT  \\$aBATCH-CLA$b00$c20201126$lBLL01$h1403
=CAT  \\$aIPL-CLA$c20201231$lBLL01$h1910
=CAT  \\$aBATCH-CLA$b00$c20221130$lBLL01$h1439
=CAT  \\$aIPL-CLA$c20221231$lBLL01$h1827
=CAT  \\$aBATCH-CLA$b00$c20230209$lBLL01$h1526
=CAT  \\$aIPL-CLA$c20230210$lBLL01$h0043
=CFI  0\$aCurrent Copyright Fee: GBP25.00$c0$e09-feb-2023$fGBP25.00$g0$hC$5Uk
=CFI  2\$aBritish Library not licensed to copy$c0$e01-jan-2023$hC$iCFP Excluded$5Uk
=FIN  \\$aY
=FMT  \\$a  SE
=LAS  \\$aIPL-CLA$b00$c20230210$lBLL01$h0043
=LEO  \\$aMP5.0000836628
=LEO  \\$aMP10.0000518001
=LEO  \\$aMP13.0000338315
=LEO  \\$aMP22.0000051108
=SRC  \\$aBNB03$bbibmp5.200404.2.ab
=SRC  \\$aDSS01$bbibmp10.200404.2.aa
=SRC  \\$aHSS01$bbibmp13.200404.2.aa
=SRC  \\$aISN01$bbibmp22.200404.2.aa
=TCO  \\$aCLA$bCLA$c008

