=LDR  04664cas a2201045 a 4500
=001  007247957
=003  Uk
=005  20230210004314.0
=006  aa\\\|||||||||||||
=008  970121c19949999enkmr\p\\\\\\\0\\\a0eng\\
=015  \\$aGB9708974$2bnb
=019  y\$ab9708974
=019  9\$ab9708974
=019  1\$ab9708974
=022  0\$a1352-7894$202
=039  0\$a2426
=040  \\$aUk$cUk
=082  04$a794.8$221
=222  \0$aPC power$b(Newton Abbot. CD-ROM ed.)
=245  00$aPC power.$pCD-ROM edition.
=260  \\$aNewton Abbot (14A Union St, Newton Abbot, Devon, TQ12 2JS) :$bRapide,$c[1994?]-
=300  \\$av. :$bcol.ill. ;$c30cm. +$ecompact discs.
=310  \\$aMonthly
=336  \\$atext$2rdacontent
=337  \\$aunmediated$2rdamedia
=338  \\$avolume$2rdacarrier
=362  0\$aIssue 1-
=500  \\$aDescription based on: Issue 34 (Oct. 1996)
=540  \\$aCurrent Copyright Fee: GBP25.00$c0$5Uk
=650  \0$aComputer games$xPeriodicals.
=852  41$aBritish Library$bHMNTS$jEC.9.x.18
=852  41$aBritish Library$bHMNTS$jZK.9.b.10841$zAccompanying software to EC.9.x.18$3Holdings: no. 34 (Oct. 1990)-no. 43 (July 1997); Deficient: no. 36 (Dec. 1996)
=985  \\$aISSN UK Centre note: PC Power (CD edition) was sold to Rapide Publishing in July 1996 from Paragon Publishing.
=ACF  \\$aPrevious Copyright Fee: GBP12.00$c0$e01-apr-2012$fGBP12.00$g0$hC$5Uk
=ACF  \\$aPrevious Copyright Fee: GBP12.00$c0$e01-jan-2012$fGBP12.00$g0$hC$5Uk
=ACF  \\$aPrevious Copyright Fee: GBP10.50$c0$e01-oct-2011$fGBP10.50$g0$hC$5Uk
=ACF  \\$aPrevious Copyright Fee: GBP10.50$c0$e01-jul-2011$fGBP10.50$g0$hC$5Uk
=ACF  \\$aPrevious Copyright Fee: GBP10.50$c0$e01-apr-2011$fGBP10.50$g0$hC$5Uk
=ACF  \\$aPrevious Copyright Fee: GBP10.50$c0$e01-jan-2011$fGBP10.50$g0$hC$5Uk
=ACF  \\$aPrevious Copyright Fee: GBP9.00$c0$e01-oct-2010$fGBP9.00$g0$hC$5Uk
=ACF  \\$aPrevious Copyright Fee: GBP9.00$c0$e01-jul-2010$fGBP9.00$g0$hC$5Uk
=ACF  \\$aPrevious Copyright Fee: GBP9.00$c0$e01-apr-2010$fGBP9.00$g0$hC$5Uk
=ACF  \\$aPrevious Copyright Fee: GBP9.00$c0$e01-Jan-2010$fGBP9.00$g0$hC$5Uk
=ACF  \\$aPrevious Copyright Fee: GBP6.00$c0$e01-oct-2009$fGBP6.00$g0$hC$5Uk
=ACF  \\$aPrevious Copyright Fee: GBP12.00$c0$e01-jul-2012$fGBP12.00$g0$hC$5Uk
=ACF  \\$aPrevious Copyright Fee: GBP12.00$c0$e01-oct-2012$fGBP12.00$g0$hC$5Uk
=ACF  \\$aPrevious Copyright Fee: GBP12.30$c0$e01-jan-2014$fGBP12.30$g0$hC$5Uk
=ACF  \\$aPrevious Copyright Fee: GBP15.00$c0$e01-jan-2017$fGBP15.00$g0$hC$5Uk
=ACF  \\$aPrevious Copyright Fee: GBP17.50$c0$e01-jan-2018$fGBP17.50$g0$hC$5Uk
=ACF  \\$aPrevious Copyright Fee: GBP20.00$c0$e01-jan-2020$fGBP20.00$g0$hC$5Uk
=ACF  \\$aPrevious Copyright Fee: GBP22.50$c0$e01-jan-2021$fGBP22.50$g0$hC$5Uk
=CAT  \\$aWR09-126
=CAT  \\$aIPL-CLA$c20110930$lBLL01$h1506
=CAT  \\$aBATCH-CLA$b00$c20111130$lBLL01$h1221
=CAT  \\$aIPL-CLA$c20111230$lBLL01$h1702
=CAT  \\$aBATCH-CLA$b00$c20120229$lBLL01$h1631
=CAT  \\$aIPL-CLA$c20120330$lBLL01$h1352
=CAT  \\$aBATCH-CLA$b00$c20120531$lBLL01$h1720
=CAT  \\$aIPL-CLA$c20120629$lBLL01$h0948
=CAT  \\$aBATCH-CLA$b00$c20120831$lBLL01$h1549
=CAT  \\$aIPL-CLA$c20120930$lBLL01$h2000
=CAT  \\$aBATCH-CLA$b00$c20121103$lBLL01$h1025
=CAT  \\$aBATCH-CLA$b00$c20131129$lBLL01$h1701
=CAT  \\$aIPL-CLA$c20131231$lBLL01$h1846
=CAT  \\$aWR14_140$c20140905$lBLL01$h1719
=CAT  \\$aBATCH-CLA$b00$c20161130$lBLL01$h1646
=CAT  \\$aIPL-CLA$c20161230$lBLL01$h1806
=CAT  \\$aBATCH-CLA$b00$c20171130$lBLL01$h1713
=CAT  \\$aIPL-CLA$c20171231$lBLL01$h1342
=CAT  \\$aBATCH-CLA$b00$c20191129$lBLL01$h1630
=CAT  \\$aIPL-CLA$c20191231$lBLL01$h1716
=CAT  \\$a8483$b40$c20201119$lBLL01$h1529
=CAT  \\$aBATCH-CLA$b00$c20201126$lBLL01$h1419
=CAT  \\$aIPL-CLA$c20201231$lBLL01$h1911
=CAT  \\$a10973$b40$c20210315$lBLL01$h1406
=CAT  \\$aBATCH-CLA$b00$c20221130$lBLL01$h1457
=CAT  \\$aIPL-CLA$c20221231$lBLL01$h1827
=CAT  \\$aBATCH-CLA$b00$c20230209$lBLL01$h1544
=CAT  \\$aIPL-CLA$c20230210$lBLL01$h0043
=CFI  0\$aCurrent Copyright Fee: GBP25.00$c0$e09-feb-2023$fGBP25.00$g0$hC$5Uk
=CFI  2\$aBritish Library not licensed to copy$c0$e01-jan-2023$hC$iCFP Excluded$5Uk
=FIN  \\$aY
=FMT  \\$a  SE
=LAS  \\$aIPL-CLA$b00$c20230210$lBLL01$h0043
=LEO  \\$aMP5.0000839806
=LEO  \\$aMP13.0000340392
=SRC  \\$aBNB03$bbibmp5.200404.2.ab
=SRC  \\$aHSS01$bbibmp13.200404.2.aa
=SRC  \\$aDSS04$bbibld.200404.2.aa
=TCO  \\$aCLA$bCLA$c008

