=LDR  04088cas a2201033 a 4500
=001  007252373
=003  Uk
=005  20221231182748.0
=006  aa\\\|||||||||||||
=008  980727c199u9999ie\qr|p\\\\\\\0\\\a0eng\\
=015  \\$aGB9855831$2bnb
=019  y\$ab9855831
=019  9\$ab9855831
=019  1\$ab9855831
=019  c\$a2574586
=022  0\$a1393-533X$y0791-4792
=039  0\$a2502
=040  \\$aUk$cUk$dUk
=042  \\$aukblsr
=082  04$a629.2230296$221
=222  \0$aIrish van & truck$b(Ballina, Co. Mayo)
=245  00$aIrish van & truck.
=246  3\$aIrish van and truck
=246  13$iSubtitle:$aVan & truck + SUV,$f2008-
=260  \\$aBallina :$bMotor Publications,$c[199-?]-
=260  3\$aKilcullen :$bWhelan Byrne Associates
=300  \\$av. :$bcol.ill. ;$c30cm.
=336  \\$atext$2rdacontent
=337  \\$aunmediated$2rdamedia
=338  \\$avolume$2rdacarrier
=362  0\$a[199-?]-
=500  \\$aDescription based on: June 1998 issue.
=500  \\$aLatest issue consulted: May/July 2008 issue.
=540  \\$aCurrent Copyright Fee: GBP25.00$c0$5Uk
=650  \0$aTrucks$xEvaluation$xPeriodicals.
=650  \0$aVans$xEvaluation$xPeriodicals.
=650  \0$aCommercial vehicle industry$zIreland$xPeriodicals.
=852  41$aBritish Library$bHMNTS$jZK.9.b.11839$3June (1998)-Autumn/Winter (2019)
=886  2\$2blmarc$a092$b00$a4574.885000n
=945  \\$aIRISH VAN AND TRUCK.
=979  \\$aBritish Library$bDSC$j4574.885000N
=985  \\$aIncorrect ISSN noted 22/1/08
=985  \\$aVariant title added Oct. 2008, but if original title is dropped, a new record will be needed- sf
=ACF  \\$aPrevious copyright fee: GBP5.00$c0$e01-jul-2002$fGBP5.00$g0$hC$5Uk
=ACF  \\$aCurrent copyright fee: GBP4.40$c0$e12-nov-1998$fGBP4.40$g0$hA$5Uk
=ACF  \\$aPrevious copyright fee: GBP10.50$c0$e01-jan-2011$fGBP10.50$g0$hA$5Uk
=ACF  \\$aPrevious copyright fee: GBP12.00$c0$e01-jan-2012$fGBP12.00$g0$hA$5Uk
=ACF  \\$aPrevious Copyright Fee: GBP12.30$c0$e01-jan-2014$fGBP12.30$g0$hA$5Uk
=ACF  \\$aPrevious Copyright Fee: GBP15.00$c0$e01-jan-2017$fGBP15.00$g0$hA$5Uk
=ACF  \\$aPrevious Copyright Fee: GBP17.50$c0$e01-jan-2018$fGBP17.50$g0$hA$5Uk
=ACF  \\$aPrevious Copyright Fee: GBP20.00$c0$e01-jan-2020$fGBP20.00$g0$hA$5Uk
=CAT  \\$aCONV$b00$c20040425$lBLL90$h0726
=CAT  \\$aCONV$b00$c20040502$lBLL01$h1214
=CAT  \\$a11316$b40$c20081022$lBLL01$h0908
=CAT  \\$a11316$b40$c20081022$lBLL01$h0937
=CAT  \\$aBATCH$b00$c20091207$lBLL01$h0427
=CAT  \\$aBATCH$b00$c20091214$lBLL01$h0233
=CAT  \\$aBATCH-UPD$b00$c20101201$lBLL01$h1210
=CAT  \\$aIPL-CLA$c20101231$lBLL01$h1159
=CAT  \\$aWR11_203$c20111204$lBLL01$h1256
=CAT  \\$aIPL-CLA$c20111230$lBLL01$h1702
=CAT  \\$aBATCH-CLA$b00$c20121103$lBLL01$h1025
=CAT  \\$aWR13.005$c20130323$lBLL01$h1315
=CAT  \\$aBATCH-CLA$c20131217$lBLL01$h0110
=CAT  \\$aIPL-CLA$c20131231$lBLL01$h1847
=CAT  \\$aWR14_140$c20140905$lBLL01$h1721
=CAT  \\$aBATCH-CLA$b00$c20161222$lBLL01$h1656
=CAT  \\$aIPL-CLA$c20161230$lBLL01$h1807
=CAT  \\$aBATCH-CLA$b00$c20171222$lBLL01$h1951
=CAT  \\$aIPL-CLA$c20171231$lBLL01$h1343
=CAT  \\$aBATCH-CLA$b00$c20191219$lBLL01$h1621
=CAT  \\$aIPL-CLA$c20191231$lBLL01$h1716
=CAT  \\$aR2001-1524$c20200127$lBLL01$h1923
=CAT  \\$aBATCH-CLA$b00$c20201204$lBLL01$h1415
=CAT  \\$aIPL-CLA$c20201231$lBLL01$h1911
=CAT  \\$aBATCH-CLA$b00$c20221221$lBLL01$h1719
=CAT  \\$aIPL-CLA$c20221231$lBLL01$h1827
=CFI  0\$aCurrent Copyright Fee: GBP25.00$c0$e01-jan-2023$fGBP25.00$g0$hA$5Uk
=CFI  2\$aPrevious Copyright Fee: GBP22.50$c0$e01-jan-2021$fGBP22.50$g0$hA$5Uk
=FIN  \\$aY
=FMT  \\$a  SE
=LAS  \\$aIPL-CLA$b00$c20221231$lBLL01$h1827
=LEO  \\$aMP5.0001501297
=LEO  \\$aMP13.0000345031
=LEO  \\$aMP10.0000303544
=SRC  \\$aBNB03$bbibmp5.200404.2.ac
=SRC  \\$aHSS01$bbibmp13.200404.2.aa
=SRC  \\$aDSS01$bbibmp10.200404.2.aa
=TCO  \\$aIRL$bICLA$c008

