=LDR  07391cas a2201525 a 4500
=001  007525230
=003  Uk
=005  20211231153526.0
=006  aac\\|||||||||||||
=007  ta
=008  900918d19771990enkqr\p\\\\\\\0\\\a0eng\\
=015  \\$aGB7721853$2bnb
=019  c\$a2131975
=019  0\$as153243007
=019  y\$aB7721853
=019  9\$ab7721853
=022  0\$a0146-3535
=040  \\$aUk$cUk$dUk
=050  00$aQD921
=082  04$a548.5$222
=084  \\$aKY 05$2blsrissc
=210  0\$aProg. cryst. growth charact.
=222  \0$aProgress in crystal growth and characterization
=245  00$aProgress in crystal growth and characterization :$ban international review journal.
=246  13$aProgress in crystal growth & characterization
=260  \\$aOxford, :$bPergamon,$c1977-1989.
=300  \\$a19 v. ;$c25 cm.
=310  \\$aQuarterly
=336  \\$atext$2rdacontent
=337  \\$aunmediated$2rdamedia
=338  \\$avolume$2rdacarrier
=362  0\$aVol. 1, no. 1 (1977)-v. 19, no. 4 (1989)
=500  \\$aQuarterly. - Cover title. - 91,iv p. in 1st issue.
=504  \\$aBibliography: p.18.
=540  \\$aCurrent copyright fee: GBP34.30$c5\1$5Uk
=595  \\$aCONTD AS 6868.085 VOL. 20, 1990-
=650  \0$aCrystals$xGrowth$vPeriodicals.
=785  00$tProgress in crystal growth and characterization of materials$x0960-8974
=852  41$aBritish Library$bDSC$j6868.080000$3Vol. 1, no. 1 (1977)-v. 19, no. 4 (1989)***UKRR Retained Title
=852  71$aBritish Library$bSTI$k(P)$hKY 05$m-E(4)$2blsrissc$31977-1989; Vol.1-19. ; Deficient: vol.18, no.1, 3, 4, 1989
=856  \\$31850-9999$uhttp://www.elsevier.com/journals$xBLDSS
=945  \\$aPROGRESS IN CRYSTAL GROWTH AND CHARACTERIZATION.
=959  \\$fHeld but not currently received
=963  \\$aVOL. 1, 1977- 19, 1989 *A=1$bN$cP363.C.62
=964  \\$aVOL. 1, 1977- *A=1$c548$dO$eJP909715
=985  \\$aISSN transferred to ISSN Netherlands from ISSN UK Centre (Elsevier imprint). ISSN UK, 20.07.2010
=985  \\$aRecord merged by DQ team
=A02  \\$a2131975
=ACF  \\$aPrevious Copyright Fee: GBP21.00$c0$e01-apr-2012$fGBP21.00$g0$hC$5Uk
=ACF  \\$aPrevious Copyright Fee: GBP21.00$c0$e01-jan-2012$fGBP21.00$g0$hC$5Uk
=ACF  \\$aPrevious Copyright Fee: GBP20.00$c0$e01-oct-2011$fGBP20.00$g0$hC$5Uk
=ACF  \\$aPrevious Copyright Fee: GBP20.00$c0$e01-jul-2011$fGBP20.00$g0$hC$5Uk
=ACF  \\$aPrevious Copyright Fee: GBP20.00$c0$e01-apr-2011$fGBP20.00$g0$hC$5Uk
=ACF  \\$aPrevious Copyright Fee: GBP20.00$c0$e01-jan-2011$fGBP20.00$g0$hC$5Uk
=ACF  \\$aPrevious Copyright Fee: GBP20.00$c0$e01-oct-2010$fGBP20.00$g0$hC$5Uk
=ACF  \\$aPrevious Copyright Fee: GBP20.00$c0$e01-jul-2010$fGBP20.00$g0$hC$5Uk
=ACF  \\$aPrevious Copyright Fee: GBP20.00$c0$e01-apr-2010$fGBP20.00$g0$hC$5Uk
=ACF  \\$aPrevious Copyright Fee: GBP20.00$c0$e01-Jan-2010$fGBP20.00$g0$hC$5Uk
=ACF  \\$aPrevious Copyright Fee: GBP20.00$c0$e01-oct-2009$fGBP20.00$g0$hC$5Uk
=ACF  \\$aPrevious Copyright Fee: GBP20.00$c0$e01-jul-2009$fGBP20.00$g0$hC$5Uk
=ACF  \\$aPrevious Copyright Fee: GBP20.00$c0$e01-apr-2009$fGBP20.00$g0$hC$5Uk
=ACF  \\$aPrevious Copyright Fee: GBP20.00$c0$e01-jan-2009$fGBP20.00$g0$hC$5Uk
=ACF  \\$aPrevious Copyright Fee: GBP19.00$c0$e01-oct-2008$fGBP19.00$g0$hC$5Uk
=ACF  \\$aPrevious Copyright Fee: GBP19.00$c0$e01-jul-2008$fGBP19.00$g0$hC$5Uk
=ACF  \\$aPrevious Copyright Fee: GBP19.00$c0$e01-apr-2008$fGBP19.00$g0$hC$5Uk
=ACF  \\$aPrevious Copyright Fee: GBP19.00$c0$e01-jan-2008$fGBP19.00$g0$hC$5Uk
=ACF  \\$aPrevious Copyright Fee: GBP18.00$c0$e01-oct-2007$fGBP18.00$g0$hC$5Uk
=ACF  \\$aPrevious Copyright Fee: GBP18.00$c0$e01-jul-2007$fGBP18.00$g0$hC$5Uk
=ACF  \\$aPrevious Copyright Fee: GBP18.00$c0$e01-apr-2007$fGBP18.00$g0$hC$5Uk
=ACF  \\$aPrevious Copyright Fee: GBP18.00$c0$e01-jan-2007$fGBP18.00$g0$hC$5Uk
=ACF  \\$aPrevious Copyright Fee: GBP18.00$c0$e01-oct-2006$fGBP18.00$g0$hC$5Uk
=ACF  \\$aPrevious Copyright Fee: GBP18.00$c0$e01-jul-2006$fGBP18.00$g0$hC$5Uk
=ACF  \\$aPrevious Copyright Fee: GBP18.00$c0$e01-apr-2006$fGBP18.00$g0$hC$5Uk
=ACF  \\$aPrevious Copyright Fee: GBP18.00$c0$e01-jan-2006$fGBP18.00$g0$hC$5Uk
=ACF  \\$aPrevious Copyright Fee: GBP18.00$c0$e01-oct-2005$fGBP18.00$g0$hC$5Uk
=ACF  \\$aPrevious Copyright Fee: GBP18.00$c0$e01-jul-2005$fGBP18.00$g0$hC$5Uk
=ACF  \\$aPrevious Copyright Fee: GBP18.00$c0$e01-apr-2005$fGBP18.00$g0$hC$5Uk
=ACF  \\$aPrevious Copyright Fee: GBP18.00$c0$e01-jan-2005$fGBP18.00$g0$hC$5Uk
=ACF  \\$aPrevious Copyright Fee: GBP20.00$c0$e01-oct-2004$fGBP20.00$g0$hC$5Uk
=ACF  \\$aPrevious copyright fee: GBP20.00$c0$e01-apr-2003$fGBP20.00$g0$hC$5Uk
=ACF  \\$aCurrent copyright fee: GBP15.00$c0$e01-jul-2002$fGBP15.00$g0$hC$5Uk
=ACF  \\$aCurrent copyright fee: GBP4.40$c0$e01-jul-1998$fGBP4.40$g0$hA$5Uk
=ACF  \\$aPrevious Copyright Fee: GBP21.00$c0$e01-oct-2012$fGBP21.00$g0$hC$5Uk
=ACF  \\$aPrevious Copyright Fee: GBP21.00$c0$e01-jul-2012$fGBP21.00$g0$hC$5Uk
=ACF  \\$aPrevious copyright fee: GBP21.00$c5\1$e14-dec-2012$fGBP21.00$g0$hP$5Uk
=ACF  \\$aPrevious copyright fee: GBP22.50$c5\1$e01-jan-2013$fGBP22.50$g0$hP$5Uk
=ACF  \\$aPrevious copyright fee: GBP23.40$c5\1$e01-jan-2018$fGBP23.40$g0$hP$5Uk
=CAT  \\$aWR09-126
=CAT  \\$aBATCH-CLA$b00$c20110831$lBLL01$h1755
=CAT  \\$aIPL-CLA$c20110930$lBLL01$h1507
=CAT  \\$aBATCH-CLA$b00$c20111130$lBLL01$h1200
=CAT  \\$aIPL-CLA$c20111230$lBLL01$h1703
=CAT  \\$aBATCH-CLA$b00$c20120229$lBLL01$h1617
=CAT  \\$aIPL-CLA$c20120330$lBLL01$h1353
=CAT  \\$aBATCH-CLA$b00$c20120531$lBLL01$h1713
=CAT  \\$aIPL-CLA$c20120629$lBLL01$h0949
=CAT  \\$aBATCH-CLA$b00$c20120831$lBLL01$h1540
=CAT  \\$aIPL-CLA$c20120930$lBLL01$h2002
=CAT  \\$aBATCH-CLA$b00$c20121103$lBLL01$h1024
=CAT  \\$a5552$b40$c20121214$lBLL01$h1415
=CAT  \\$aIPL-CLA$c20121231$lBLL01$h1243
=CAT  \\$aIPL-CLA$c20130102$lBLL01$h1645
=CAT  \\$aWR13.005$c20130323$lBLL01$h1420
=CAT  \\$aWR14_140$c20140905$lBLL01$h1721
=CAT  \\$aBLDSS-3PM$b00$c20141222$lBLL01$h1708
=CAT  \\$aBATCH-UPD$b00$c20160413$lBLL01$h1801
=CAT  \\$aBATCH-UPD$b00$c20170725$lBLL01$h1743
=CAT  \\$aBATCH-UPD$b00$c20171121$lBLL01$h1737
=CAT  \\$aIPL-CLA$c20171231$lBLL01$h1345
=CAT  \\$aBATCH-UPD$b00$c20190521$lBLL01$h1430
=CAT  \\$aIPL-CLA$c20190630$lBLL01$h1525
=CAT  \\$aBATCH-UPD$b00$c20211119$lBLL01$h1548
=CAT  \\$aIPL-CLA$c20211231$lBLL01$h1535
=CFI  0\$aCurrent copyright fee: GBP34.30$c5\1$e01-jan-2022$fGBP34.30$g0$hP$5Uk
=CFI  2\$aPrevious copyright fee: GBP32.84$c5\1$e01-jul-2019$fGBP32.84$g0$hP$5Uk
=FFP  \\$aY$bBLDSS-3PM
=FIN  \\$aY
=FMT  \\$a  SE
=LAS  \\$aIPL-CLA$b00$c20211231$lBLL01$h1535
=LEO  \\$aMP5.0000487268
=LEO  \\$aMP10.0000463389
=LEO  \\$aMP22.0000007997
=LEO  \\$aMP25.0000054108
=LKR  \\$aPAR$b007740555$lBLL01$nProgress in crystal growth and$mProgress in crystal growth and$r78500
=SRC  \\$aBNB03$bbibmp5.200404.2.aa
=SRC  \\$aDSS01$bbibmp10.200404.2.aa
=SRC  \\$aISN01$bbibmp22.200404.2.aa
=SRC  \\$aSRI01$bbibmp25.200404.2.aa
=TCO  \\$aCLA$bCLA$c008
=TOC  \\$aETOC

