=LDR  05134cas a2201225 a 4500
=001  007691608
=003  Uk
=005  20230930080134.0
=007  ta
=008  040106c20039999enkmr\p\\\\\\\0\\\a0eng\\
=015  \\$aGBA381216$2bnb
=019  y\$abA381216
=019  9\$abA381216
=019  c\$a3017407
=019  0\$as691087008
=022  0\$a1478-7210
=039  0\$a2768
=040  \\$aUk$beng$cUk$dUk
=042  \\$aukblsr
=082  04$a616.90461$221
=222  \0$aExpert review of anti-infective therapy
=245  00$aExpert review of anti-infective therapy.
=260  \\$aLondon :$bFuture Drugs,$c2003-
=264  21$aLondon :$bInforma Healthcare
=264  31$aLondon, UK :$bTaylor & Francis
=300  \\$av. :$bill. (some col.), maps ;$c28 cm.
=310  \\$aMonthly,$b2010-
=321  \\$aTen issues yearly,$b2009
=321  \\$aBimonthly,$bJune 2003-2008
=336  \\$atext$2rdacontent
=337  \\$aunmediated$2rdamedia
=338  \\$avolume$2rdacarrier
=362  0\$aVol. 1, no. 1 (June 2003)-
=540  \\$aCurrent copyright fee: GBP73.00$c2\0$5Uk
=588  \\$aLatest issue consulted: volume 14, issue 11 (November 2016).
=597  \\$aEnhanced$bSRIS DDC
=650  \0$aAnti-infective agents$xResearch$vPeriodicals.
=776  08$iAlso issued online as:$tExpert review of anti-infective therapy (Online)$x1744-8336
=852  41$aBritish Library$bDSC$j3842.002981$3Vol. 1, no. 1 (2003)-v. 9, no. 12 (2011)
=852  71$aBritish Library$bSTI$k(P)$h616.904$m-E(1)$3Vol. 1, no. 1 (2003)-vol 11, no. 10 (2013)***Title now taken as electronic copy
=856  \\$31850-9999$uhttp://informahealthcare.com$xBLDSS
=945  \\$aExpert review of anti infective therapy
=957  \\$a030901c
=959  \\$fHeld but not currently received
=985  \\$aCONFERENCE ANALYTIC RECORDS EXIST
=985  \\$aISSN transferred to US ISSN Center. 23/11/2016.
=A02  \\$a3017407
=ACF  \\$aPrevious Copyright Fee: GBP26.50$c36\0$e01-jan-2007$fGBP26.50$g0$hP$5Uk
=ACF  \\$aBritish Library not licensed to copy$c36\0$e06-oct-2006$hP$iCLA Excluded$5Uk
=ACF  \\$aPrevious Copyright Fee: GBP5.00$c0$e01-oct-2006$fGBP5.00$g0$hC$5Uk
=ACF  \\$aPrevious Copyright Fee: GBP5.00$c0$e01-jul-2006$fGBP5.00$g0$hC$5Uk
=ACF  \\$aPrevious Copyright Fee: GBP5.00$c0$e01-apr-2006$fGBP5.00$g0$hC$5Uk
=ACF  \\$aPrevious Copyright Fee: GBP5.00$c0$e01-jan-2006$fGBP5.00$g0$hC$5Uk
=ACF  \\$aPrevious Copyright Fee: GBP5.00$c0$e01-oct-2005$fGBP5.00$g0$hC$5Uk
=ACF  \\$aPrevious copyright fee: GBP5.00$c0$e16-jul-2003$fGBP5.00$g0$hA$5Uk
=ACF  \\$aPrevious copyright fee: GBP30.00$c36\0$e01-jan-2008$fGBP30.00$g0$hP$5Uk
=ACF  \\$aPrevious copyright fee: GBP35.00$c36\0$e01-jan-2011$fGBP35.00$g0$hP$5Uk
=ACF  \\$aPrevious copyright fee: GBP57.00$c36\0$e01-apr-2014$fGBP57.00$g0$hP$5Uk
=ACF  \\$aPrevious copyright fee: GBP59.00$c45\0$e01-jan-2017$fGBP59.00$g0$hP$5Uk
=ACF  \\$aPrevious copyright fee: GBP66.00$c45\0$e01-jan-2019$fGBP66.00$g0$hP$5Uk
=ACF  \\$aPrevious copyright fee: GBP69.00$c45\0$e01-jan-2020$fGBP69.00$g0$hP$5Uk
=ACF  \\$aPrevious copyright fee: GBP71.00$c45\0$e01-jan-2022$fGBP71.00$g0$hP$5Uk
=CAT  \\$aWR09-126
=CAT  \\$aBATCH-CLA$b00$c20121103$lBLL01$h1024
=CAT  \\$aBATCH-UPD$b00$c20121125$lBLL01$h1434
=CAT  \\$aWR12_168$c20121206$lBLL01$h1809
=CAT  \\$a5552$b40$c20140115$lBLL01$h1227
=CAT  \\$aIPL-CLA$c20140331$lBLL01$h1617
=CAT  \\$a8483$b40$c20140731$lBLL01$h1622
=CAT  \\$aWR14_140$c20140905$lBLL01$h1721
=CAT  \\$aBLDSS-3PM$b00$c20141208$lBLL01$h1622
=CAT  \\$aBATCH-UPD$b00$c20160413$lBLL01$h1802
=CAT  \\$aBATCH-UPD$b00$c20160524$lBLL01$h2148
=CAT  \\$aBATCH-UPD$b00$c20160524$lBLL01$h2154
=CAT  \\$a5552$b40$c20161005$lBLL01$h0859
=CAT  \\$a8323$b40$c20161108$lBLL01$h0839
=CAT  \\$a11205$b40$c20161123$lBLL01$h1127
=CAT  \\$aIPL-CLA$c20161230$lBLL01$h1811
=CAT  \\$a5552$b40$c20181213$lBLL01$h1427
=CAT  \\$aIPL-CLA$c20181231$lBLL01$h1532
=CAT  \\$a5552$b40$c20191120$lBLL01$h0843
=CAT  \\$aIPL-CLA$c20191231$lBLL01$h1719
=CAT  \\$aBATCH-UPD$b00$c20211119$lBLL01$h1518
=CAT  \\$aIPL-CLA$c20211231$lBLL01$h1535
=CAT  \\$aBATCH-UPD$b00$c20230518$lBLL01$h1420
=CAT  \\$aIPL-CLA$c20230518$lBLL01$h1500
=CAT  \\$aR2308-1440$c20230824$lBLL01$h0925
=CAT  \\$aIPL-CLA$c20230930$lBLL01$h0801
=CFI  0\$aCurrent copyright fee: GBP73.00$c2\0$e01-oct-2023$fGBP73.00$g0$hP$5Uk
=CFI  2\$aPrevious copyright fee: GBP73.00$c45\0$e18-may-2023$fGBP73.00$g0$hP$5Uk
=FFP  \\$aY$bBLDSS-3PM
=FIN  \\$aY
=FMT  \\$a  SE
=LAS  \\$aIPL-CLA$b00$c20230930$lBLL01$h0801
=LEO  \\$aMP5.0000027481
=LEO  \\$aMP10.0000222681
=LEO  \\$aMP22.0000069930
=LEO  \\$aMP25.0000367942
=SRC  \\$aBNB03$bbibmp5.200404.2.aa
=SRC  \\$aDSS01$bbibmp10.200404.2.aa
=SRC  \\$aISN01$bbibmp22.200404.2.aa
=SRC  \\$aSRI01$bbibmp25.200404.2.aa
=SSD  \\$a25500{dollar}aVol. 1, no. 1 (June 2003)-
=TCO  \\$aCLA$bCLA$c008
=TOC  \\$aETOC

