=LDR  04783cas a2201153 a 4500
=001  007740555
=003  Uk
=005  20211231153535.0
=006  aa\\\|||||||||||||
=007  ta
=008  901025c19909999ne\br\p\\\\\\\0\\\a0eng\\
=015  \\$aGB9111059$2bnb
=019  0\$as153243023
=019  y\$ab9111059
=019  9\$ab9111059
=019  c\$a2432063
=022  0\$a0960-8974
=039  0\$a2125
=040  \\$aUk$cUk$dUk
=082  04$a548.505$220
=084  \\$aKY 05$2blsrissc
=210  0\$aProg. cryst. growth charact. mater.
=222  \0$aProgress in crystal growth and characterization of materials
=245  00$aProgress in crystal growth and characterization of materials.
=260  \\$aOxford :$bPergamon,$c1990-
=264  31$aAmsterdam :$bElsevier
=300  \\$c25 cm.
=310  \\$aQuarterly
=336  \\$atext$2rdacontent
=337  \\$aunmediated$2rdamedia
=338  \\$avolume$2rdacarrier
=362  0\$aVol. 20, no. 1/2 (1990)-
=540  \\$aCurrent copyright fee: GBP34.30$c5\1$5Uk
=588  \\$aLatest issue consulted: volume 60, issue 2 (2014).
=595  \\$aFORMERLY 6868.08 UP TO VOL. 19, 1989 SEE ALSO 6868.08 FOR OTHER EXTERNALHOLDINGS.
=650  \0$aCrystal growth$vPeriodicals.
=776  1\$tProgress in crystal growth and characterization of materials (Online)$x1878-4208
=780  00$tProgress in crystal growth and characterization$x0146-3535
=852  71$aBritish Library$bSTI$k(P)$hKY 05$m-E(4)$2blsrissc$3Vol. 20, no. 1/2 (1990)-v. 41, no. 1/4 (2000)
=852  41$aBritish Library$bHMNTS$jDZK.9.x.202$3Vol. 42, no. 1/2 (2001)- v. 60 n. 3/4 (2014)***Title now taken as electronic copy
=852  41$aBritish Library$bDSC$j6868.085000$3Vol. 20, no. 1 (1990)-v. 55, no. 3/4 (2009)***UKRR Retained Title
=856  \\$31850-9999$uhttp://www.elsevier.com/journals$xBLDSS
=945  \\$aPROGRESS IN CRYSTAL GROWTH AND CHARACTERIZATION OF MATERIALS.
=959  \\$fHeld but not currently received
=963  \\$aVOL. 20, 1990- *A=1$bN$cP363.C.62
=985  \\$aISSN transferred to ISSN Netherlands from ISSN UK Centre (Elsevier imprint). ISSN UK, 20.07.2010
=985  \\$aRecord merged by DQ team
=A02  \\$a2432063
=ACF  \\$aPrevious copyright fee: GBP19.00$c5\5$e01-jan-2008$fGBP19.00$g0$hP$5Uk
=ACF  \\$aPrevious copyright fee: GBP18.00$c5\5$e01-apr-2004$fGBP18.00$g0$hP$5Uk
=ACF  \\$aCurrent copyright fee: GBP20.00$c5\5$e01-jan-2003$fGBP20.00$g0$hP$5Uk
=ACF  \\$aCurrent copyright fee: GBP15.00$c5\5$e01-jul-2002$fGBP15.00$g0$hP$5Uk
=ACF  \\$aPrevious copyright fee: GBP20.00$c5\1$e01-jan-2009$fGBP20.00$g0$hP$5Uk
=ACF  \\$aPrevious copyright fee: GBP21.00$c5\1$e01-jan-2012$fGBP21.00$g0$hP$5Uk
=ACF  \\$aPrevious copyright fee: GBP22.50$c5\1$e01-jan-2013$fGBP22.50$g0$hP$5Uk
=ACF  \\$aPrevious copyright fee: GBP23.40$c5\1$e01-jan-2018$fGBP23.40$g0$hP$5Uk
=CAT  \\$aWR09-126
=CAT  \\$aCDS-UPD$b40$c20091208$lBLL01$h2233
=CAT  \\$aBATCH$b00$c20091214$lBLL01$h0309
=CAT  \\$aBATCH$b00$c20091216$lBLL01$h0050
=CAT  \\$a8201$b40$c20100621$lBLL01$h1702
=CAT  \\$aISSN$b40$c20100720$lBLL01$h1400
=CAT  \\$aWR11_155$c20111021$lBLL01$h1324
=CAT  \\$aWR11_155$c20111114$lBLL01$h1645
=CAT  \\$aBATCH-UPD$b00$c20111123$lBLL01$h1849
=CAT  \\$aIPL-CLA$c20111230$lBLL01$h1704
=CAT  \\$aBATCH-CLA$b00$c20121103$lBLL01$h1023
=CAT  \\$aBATCH-UPD$b00$c20121121$lBLL01$h1652
=CAT  \\$aIPL-CLA$c20121231$lBLL01$h1244
=CAT  \\$aIPL-CLA$c20130102$lBLL01$h1645
=CAT  \\$aWR13.005$c20130323$lBLL01$h1517
=CAT  \\$a8483$b40$c20140905$lBLL01$h0950
=CAT  \\$aWR14_140$c20140905$lBLL01$h1722
=CAT  \\$aBLDSS-3PM$b00$c20141222$lBLL01$h1709
=CAT  \\$a11316$b40$c20150401$lBLL01$h1400
=CAT  \\$aBATCH-UPD$b40$c20170304$lBLL01$h1026
=CAT  \\$aBATCH-UPD$b40$c20171121$lBLL01$h1737
=CAT  \\$aIPL-CLA$c20171231$lBLL01$h1347
=CAT  \\$aBATCH-UPD$b00$c20190521$lBLL01$h1430
=CAT  \\$aIPL-CLA$c20190630$lBLL01$h1525
=CAT  \\$aBATCH-UPD$b00$c20211119$lBLL01$h1548
=CAT  \\$aIPL-CLA$c20211231$lBLL01$h1535
=CFI  0\$aCurrent copyright fee: GBP34.30$c5\1$e01-jan-2022$fGBP34.30$g0$hP$5Uk
=CFI  2\$aPrevious copyright fee: GBP32.84$c5\1$e01-jul-2019$fGBP32.84$g0$hP$5Uk
=EST  \\$a2
=FFP  \\$aY$bBLDSS-3PM
=FIN  \\$aY
=FMT  \\$a  SE
=LAS  \\$aIPL-CLA$b00$c20211231$lBLL01$h1535
=LEO  \\$aMP25.0000054110
=LEO  \\$aMP5.0000788047
=LEO  \\$aMP10.0000463390
=LEO  \\$aMP22.0000033592
=SRC  \\$aSRI01$bbibmp25.200404.2.aa
=SRC  \\$aBNB03$bbibmp5.200404.2.ab
=SRC  \\$aDSS01$bbibmp10.200404.2.aa
=SRC  \\$aISN01$bbibmp22.200404.2.aa
=TCO  \\$aCLA$bCLA$c008
=TOC  \\$aETOC

