=LDR  04971cai a2201081 a 4500
=001  007851215
=003  Uk
=005  20230210004425.0
=007  td
=008  040409c19659999enktr\l\\fl\\\0\\\a2eng\\
=019  c\$a2345022
=020  \\$a9780421044500 (loose-leaf) :$c£756.00
=022  0\$a0142-2952
=040  \\$aUk$beng$cUk$dUk
=042  \\$aukblsr
=082  04$a343.410942$222
=222  \0$aEncyclopedia of highway law and practice
=245  00$aEncyclopedia of highway law and practice /$cGeneral editor, Stephen J. Sauvain; assistant editor, Ruth A. Stockley.
=260  \\$aLondon :$bSweet & Maxwell,$c1965-
=260  3\$aLondon :$bSweet & Maxwell/ Thomson Reuters
=300  \\$av. (loose-leaf) ;$c26 cm.
=310  \\$aUpdated three times yearly
=336  \\$atext$2rdacontent
=337  \\$aunmediated$2rdamedia
=338  \\$avolume$2rdacarrier
=490  0\$aLocal Government Library
=500  \\$aIncludes index.
=500  \\$aDescription based on: Work updated to release 131 (Nov. 2008).
=540  \\$aCurrent Copyright Fee: GBP25.00$c0$5Uk
=650  \0$aHighway law$zGreat Britain$vHandbooks, manuals, etc.
=700  1\$aSauvain, Stephen J.
=700  1\$aStockley, Ruth A.
=852  41$aBritish Library$bHMNTS$jWP.16820/7
=886  2\$2blmarc$a092$b00$a3738.592400n
=945  \\$aENCYCLOPEDIA OF HIGHWAY LAW AND PRACTICE.
=979  \\$aBritish Library$bDSC$j3738.592400N
=985  \\$aMerged and converted to integrating resource record. DO NOT MERGE with ISSN record on #009546000 CS 10/9/09
=A02  \\$a2345022
=ACF  \\$aPrevious Copyright Fee: GBP12.00$c0$e01-apr-2012$fGBP12.00$g0$hC$5Uk
=ACF  \\$aPrevious Copyright Fee: GBP12.00$c0$e01-jan-2012$fGBP12.00$g0$hC$5Uk
=ACF  \\$aPrevious Copyright Fee: GBP10.50$c0$e01-oct-2011$fGBP10.50$g0$hC$5Uk
=ACF  \\$aPrevious Copyright Fee: GBP10.50$c0$e01-jul-2011$fGBP10.50$g0$hC$5Uk
=ACF  \\$aPrevious Copyright Fee: GBP10.50$c0$e01-apr-2011$fGBP10.50$g0$hC$5Uk
=ACF  \\$aPrevious Copyright Fee: GBP10.50$c0$e01-jan-2011$fGBP10.50$g0$hC$5Uk
=ACF  \\$aPrevious Copyright Fee: GBP9.00$c0$e01-oct-2010$fGBP9.00$g0$hC$5Uk
=ACF  \\$aPrevious Copyright Fee: GBP9.00$c0$e01-jul-2010$fGBP9.00$g0$hC$5Uk
=ACF  \\$aPrevious Copyright Fee: GBP9.00$c0$e01-apr-2010$fGBP9.00$g0$hC$5Uk
=ACF  \\$aPrevious Copyright Fee: GBP9.00$c0$e01-Jan-2010$fGBP9.00$g0$hC$5Uk
=ACF  \\$aPrevious copyright fee: GBP6.00$c0$e01-apr-2008$fGBP6.00$g0$hA$5Uk
=ACF  \\$aPrevious copyright fee: GBP5.00$c0$e01-jul-2002$fGBP5.00$g0$hA$5Uk
=ACF  \\$aCurrent copyright fee: GBP4.40$c0$e01-jul-1998$fGBP4.40$g0$hA$5Uk
=ACF  \\$aCurrent copyright fee: GBP4.20$c0$e01-apr-1997$fGBP4.20$g0$hA$5Uk
=ACF  \\$aPrevious Copyright Fee: GBP12.00$c0$e01-jul-2012$fGBP12.00$g0$hC$5Uk
=ACF  \\$aPrevious Copyright Fee: GBP12.00$c0$e01-oct-2012$fGBP12.00$g0$hC$5Uk
=ACF  \\$aPrevious Copyright Fee: GBP12.30$c0$e01-apr-2015$fGBP12.30$g0$hC$5Uk
=ACF  \\$aPrevious Copyright Fee: GBP15.00$c0$e01-jan-2017$fGBP15.00$g0$hC$5Uk
=ACF  \\$aPrevious Copyright Fee: GBP17.50$c0$e01-jan-2018$fGBP17.50$g0$hC$5Uk
=ACF  \\$aPrevious Copyright Fee: GBP20.00$c0$e01-jan-2020$fGBP20.00$g0$hC$5Uk
=ACF  \\$aPrevious Copyright Fee: GBP22.50$c0$e01-jan-2021$fGBP22.50$g0$hC$5Uk
=CAT  \\$aCONV$b00$c20040425$lBLL90$h0702
=CAT  \\$aIPL-CLA$c20110930$lBLL01$h1508
=CAT  \\$aBATCH-CLA$b00$c20111130$lBLL01$h1217
=CAT  \\$aIPL-CLA$c20111230$lBLL01$h1708
=CAT  \\$aBATCH-CLA$b00$c20120229$lBLL01$h1641
=CAT  \\$aIPL-CLA$c20120330$lBLL01$h1355
=CAT  \\$aBATCH-CLA$b00$c20120531$lBLL01$h1722
=CAT  \\$aIPL-CLA$c20120629$lBLL01$h0951
=CAT  \\$aBATCH-CLA$b00$c20120831$lBLL01$h1551
=CAT  \\$aIPL-CLA$c20120930$lBLL01$h2004
=CAT  \\$aBATCH-CLA$b00$c20121103$lBLL01$h1022
=CAT  \\$aWR13.005$c20130329$lBLL01$h1215
=CAT  \\$aBATCH-CLA$b00$c20150227$lBLL01$h1631
=CAT  \\$aIPL-CLA$c20150331$lBLL01$h1616
=CAT  \\$aBATCH-CLA$b00$c20161130$lBLL01$h1646
=CAT  \\$aIPL-CLA$c20161230$lBLL01$h1814
=CAT  \\$aBATCH-CLA$b00$c20171130$lBLL01$h1714
=CAT  \\$aIPL-CLA$c20171231$lBLL01$h1350
=CAT  \\$aBATCH-CLA$b00$c20191129$lBLL01$h1629
=CAT  \\$aIPL-CLA$c20191231$lBLL01$h1722
=CAT  \\$aBATCH-CLA$b00$c20201126$lBLL01$h1421
=CAT  \\$aIPL-CLA$c20201231$lBLL01$h1918
=CAT  \\$aBATCH-CLA$b00$c20221130$lBLL01$h1458
=CAT  \\$aIPL-CLA$c20221231$lBLL01$h1835
=CAT  \\$aBATCH-CLA$b00$c20230209$lBLL01$h1545
=CAT  \\$aIPL-CLA$c20230210$lBLL01$h0044
=CFI  0\$aCurrent Copyright Fee: GBP25.00$c0$e09-feb-2023$fGBP25.00$g0$hC$5Uk
=CFI  2\$aBritish Library not licensed to copy$c0$e01-jan-2023$hC$iCFP Excluded$5Uk
=FIN  \\$aY
=FMT  \\$a  SE
=LAS  \\$aIPL-CLA$b00$c20230210$lBLL01$h0044
=LEO  \\$aMP10.0000208315
=SRC  \\$aDSS01$bbibmp10.200404.2.aa
=TCO  \\$aCLA$bCLA$c008

