=LDR  05372cas a2201273 a 4500
=001  007853621
=003  Uk
=005  20221231143341.0
=006  aa\\\|||||||||||||
=007  ta
=008  000522c20009999pauqr\p\\\\\\\0\\\a0eng\\
=015  \\$aGBA036433$2bnb
=019  c\$a2593174
=019  y\$abA036433
=019  9\$abA036433
=019  0\$as657759007
=019  0\$as693902000
=022  0\$y1527-5922
=039  0\$a2593
=040  \\$aUk$beng$cUk$dUk
=042  \\$aukblsr
=082  04$a363.25945$223
=084  \\$aSP 00$2blsrissc
=245  00$aEnvironmental forensics.
=260  \\$aLondon :$bAcademic,$c2000-
=264  31$3[2003]-$aPhiladelphia, PA :$bTaylor & Francis Group, LLC
=300  \\$av. :$bill. ;$c30 cm.
=310  \\$aQuarterly
=336  \\$atext$2rdacontent
=337  \\$aunmediated$2rdamedia
=338  \\$avolume$2rdacarrier
=362  0\$aVol. 1, no. 1 (Mar. 2000)-
=540  \\$aCurrent copyright fee: GBP43.00$c2\0$5Uk
=550  \\$aPublished in association with: Association for Environmental Health and Sciences, 2000-2009; AEHS Foundation, 2009-.
=550  \\$aAn official journal of the International Society of Environmental Forensics.
=588  \\$aLatest issue consulted: volume 15, number 2 (2014).
=597  \\$aEnhanced$bSRIS DDC
=650  \0$aEnvironmental forensics$vPeriodicals.
=650  \0$aPollution$xMeasurement$vPeriodicals.
=650  \0$aEnvironmental law$vPeriodicals.
=710  2\$aAssociation for Environmental Health and Sciences.
=710  2\$aAssociation for Environmental Health and Sciences Foundation.
=710  2\$aInternational Society of Environmental Forensics.
=776  08$iAlso issued online as:$tEnvironmental forensics (Online)$x1527-5930
=852  41$aBritish Library$bDSC$j3791.466300$3Vol. 1, no. 1 (2000)-v. 7, no. 4 (2006)
=852  41$aBritish Library$bSTI$j(P) SP 00 -E(83)$3ESTAR 2000-
=852  41$aBritish Library$bHMNTS$jDZK.9.x.668$3Vol. 1, no. 1 (Mar. 2001)-v. 16, no. 4 (2015)***title now taken as electronic copy only
=856  \\$31850-9999$uhttp://www.tandfonline.com/$xBLDSS
=945  \\$aENVIRONMENTAL FORENSICS.
=957  \\$a000428c
=957  \\$a040204p
=959  \\$fCurrently received
=963  \\$aVOL. 1, 2000- *A=1$bN$cU
=985  \\$aRecord merged by DQ team
=985  \\$aISSN free on portal. Email sent to U.S. Center querying ISSN 1527-5922 (Richard, 25/01/16)
=ACF  \\$aPrevious copyright fee: GBP20.00$c5\1$e01-jan-2009$fGBP20.00$g0$hP$5Uk
=ACF  \\$aPrevious copyright fee: GBP21.00$c5\1$e01-jan-2012$fGBP21.00$g0$hP$5Uk
=ACF  \\$aPrevious Copyright Fee: GBP27.00$c2\0$e09-nov-2012$fGBP27.00$g0$hP$5Uk
=ACF  \\$aPrevious copyright fee: GBP27.50$c2\0$e01-jan-2013$fGBP27.50$g0$hP$5Uk
=ACF  \\$aPrevious copyright fee: GBP28.00$c2\0$e01-jan-2014$fGBP28.00$g0$hP$5Uk
=ACF  \\$aPrevious copyright fee: GBP30.00$c2\0$e01-jan-2015$fGBP30.00$g0$hP$5Uk
=ACF  \\$aPrevious copyright fee: GBP34.00$c2\0$e01-jan-2016$fGBP34.00$g0$hP$5Uk
=ACF  \\$aPrevious Copyright Fee: GBP31.00$c2\0$e01-apr-2016$fGBP31.00$g0$hP$5Uk
=ACF  \\$aPrevious copyright fee: GBP33.00$c2\0$e01-jan-2017$fGBP33.00$g0$hP$5Uk
=ACF  \\$aPrevious copyright fee: GBP35.00$c2\0$e01-jan-2018$fGBP35.00$g0$hP$5Uk
=ACF  \\$aPrevious copyright fee: GBP37.00$c2\0$e01-jan-2019$fGBP37.00$g0$hP$5Uk
=ACF  \\$aPrevious copyright fee: GBP39.00$c2\0$e01-jan-2020$fGBP39.00$g0$hP$5Uk
=CAT  \\$aCONV$b00$c20040425$lBLL90$h0702
=CAT  \\$aIPL-CLA$c20141231$lBLL01$h1641
=CAT  \\$aBATCH-UPD$b00$c20151119$lBLL01$h1532
=CAT  \\$aIPL-CLA$c20151231$lBLL01$h1906
=CAT  \\$a11205$b40$c20160121$lBLL01$h1043
=CAT  \\$a11205$b40$c20160121$lBLL01$h1045
=CAT  \\$a11205$b40$c20160121$lBLL01$h1107
=CAT  \\$a11205$b40$c20160121$lBLL01$h1112
=CAT  \\$a10806$b40$c20160125$lBLL01$h1139
=CAT  \\$a5552$b40$c20160301$lBLL01$h1542
=CAT  \\$aIPL-CLA$c20160331$lBLL01$h1659
=CAT  \\$aBATCH-UPD$b00$c20160413$lBLL01$h1802
=CAT  \\$aBATCH-UPD$b00$c20160808$lBLL01$h1404
=CAT  \\$aBATCH-UPD$b00$c20161122$lBLL01$h1503
=CAT  \\$aIPL-CLA$c20161230$lBLL01$h1815
=CAT  \\$aBATCH-UPD$b00$c20171121$lBLL01$h1653
=CAT  \\$aIPL-CLA$c20171231$lBLL01$h1351
=CAT  \\$a8871$b40$c20181108$lBLL01$h1012
=CAT  \\$aBATCH-UPD$b40$c20181217$lBLL01$h1643
=CAT  \\$aIPL-CLA$c20181231$lBLL01$h1533
=CAT  \\$aBATCH-UPD$b00$c20191122$lBLL01$h1905
=CAT  \\$aIPL-CLA$c20191231$lBLL01$h1722
=CAT  \\$aBATCH-UPD$b00$c20201118$lBLL01$h1339
=CAT  \\$aIPL-CLA$c20201231$lBLL01$h1519
=CAT  \\$aBATCH-UPD$b00$c20221121$lBLL01$h1338
=CAT  \\$aIPL-CLA$c20221231$lBLL01$h1433
=CFI  0\$aCurrent copyright fee: GBP43.00$c2\0$e01-jan-2023$fGBP43.00$g0$hP$5Uk
=CFI  2\$aPrevious copyright fee: GBP41.00$c2\0$e01-jan-2021$fGBP41.00$g0$hP$5Uk
=FFP  \\$aY$bBLDSS-3PM
=FIN  \\$aY
=FMT  \\$a  SE
=LAS  \\$aIPL-CLA$b00$c20221231$lBLL01$h1433
=LEO  \\$aMP5.0001455940
=LEO  \\$aMP25.0000339599
=LEO  \\$aMP25.0000370562
=LEO  \\$aMP10.0000211733
=LET  \0$aEnvironmental forensics (Print)
=SRC  \\$aBNB03$bbibmp5.200404.2.ac
=SRC  \\$aSRI01$bbibmp25.200404.2.aa
=SRC  \\$aDSS01$bbibmp10.200404.2.aa
=TCO  \\$aCLA$bCLA$c008
=TOC  \\$aETOC

