=LDR  07928cas a2201417 a 4500
=001  007862174
=003  Uk
=005  20230522123627.0
=007  ta
=008  770208d16651886enkuu\p\\\\\\\0\\\a0eng\\
=019  c\$a2124391
=019  0\$as006268005
=019  x\$a1990540120
=022  0\$a0261-0523
=040  \\$aUk$cUk$dUk
=082  04$a505$222
=084  \\$aBX 80$2blsrissc
=245  00$aPhilosophical transactions of the Royal Society of London.
=260  \\$aLondon :$bthe Society,$c1665-1886.
=300  \\$av. ;$c30 cm.
=336  \\$atext$2rdacontent
=337  \\$aunmediated$2rdamedia
=338  \\$avolume$2rdacarrier
=500  \\$aThe copy formerly owned by Sir Hans Sloane has not been identified. Sloane's catalogue lists volumes 1-18 for 1665-1694; volume 44 (1746-1747, numbers 478-484) and volume 45 (1748,numbers 485-490).$5Uk
=500  \\$aVols. 13-15 printed at Oxford; vol. 41, 48-52, 57, 61 and all after 62 are each in 2 pt. excepting vol. 90, 114 and 119, which are each in 3 pt. and vol. 116 and 136 each in 4 pt. Vol. 43 wants the original titlepage and dedication. Vols. 82-142 inclusive have no serial numbers, but those of the years.
=500  \\$aSize varies.
=540  \\$aCurrent Copyright Fee: GBP19.50$c0$5Uk
=555  \\$aCumulative indexes to 1830, then indexed in the Society's "Catalogue of scientific papers", q.v.
=595  \\$aCONTD AS 6461.648N FORMERLY 6461.648N CONTD AS 6463.00 AND 6464.00 VOL. 178, 1887- SEE ALSO 6462.95 FOR ABRIDGED EDITION.
=650  \0$aScience$vPeriodicals.
=700  1\$aEvelyn, John,$d1620-1706,$efmo.$5Uk
=700  1\$aGREW, Nehemiah.
=700  1\$aHalley, Edmond,$d1656-1742.
=700  1\$aMORTIMER, Cromwell.
=700  1\$aMUSGRAVE, William,$cM.D.
=700  1\$aOLDENBURG, Henry.
=700  1\$aPLOT, Robert.
=700  1\$aSloane, Hans,$cSir,$d1660-1753$1http://isni.org/isni/0000000123196729
=700  1\$aWaller, Richard,$dactive 1665-1705.
=710  2\$aRoyal Society (Great Britain)
=785  06$tPhilosophical transactions of the Royal Society of London. A$x0264-3820
=785  06$tPhilosophical transactions of the Royal Society of London. B$x0264-3839
=852  71$aBritish Library$bSTI$k(P)$hBX 80$m-E(43)$2blsrissc$3Vol.1 (1665)-v. 177 (1886)
=852  41$aBritish Library$bHMNTS$jC.144.l.1.$3vols.1-110
=852  41$aBritish Library$bHMNTS$jL.R.292.$3Vol.111-vol 269 (ser.A), vol.253 (ser.B).
=852  41$aBritish Library$bHMNTS$jT.C.16.a.1-T.C.18.a.21.; T.C.16.b.1-T.C.18.b.4.$3Another copy of: vol. 1 (1665)-v.111, pt. 1 (1821)].***Vol. 17 wants titlepage, vol. 40 wants the Croonean Lecture, vols. 70 & 72 want the appendices.
=852  41$aBritish Library$bHMNTS$jEve.a.149.$3Another copy of: vol. 1, no. 1 (1665)-vol. 24. no. 289 (1704).***John Evelyn's set, with MS. notes and marginal markings. This set includes a second incomplete copy of vol. 1. no. 1, bound out of order; copies of the two general indices, from the beginning to December, 1693; the suppressed issue no. 27 for July, 1667, containing J. B. Denis's "Letter concerning ... transfusion of blood"; George Acton's reply to Denis; the Supplement to the issue for July, 1670; the seven issues of Hooke's "Philosophical Collections", [1679]-82; Allen Mullen's "Anatomical account of the elephant accidentally burnt in Dublin". Wanting nos. 139, 141 for 1678
=852  41$aBritish Library$bHMNTS$j1651/804.$3Another copy of: vol. 88, pt. 2 (1798)].***Pp. 201-308 only
=852  41$aBritish Library$bHMNTS$jAc.3025/12.$3Another copy of: ser. B. Vol. 200 (1908, 1909)
=852  41$aBritish Library$bHMNTS$3Copy at XXXX. Issue read November 17, 1785 only
=852  41$aBritish Library$bDSC$j6462.949000$3Vol. 1 (1665)-v. 177, no. 2 (1886)***UKRR Retained Title***Stock Incomplete
=945  \\$aPHILOSOPHICAL TRANSACTIONS- ROYAL SOCIETY.
=959  \\$fHeld but not currently received
=963  \\$a1665- 1886 *A-1 ALSO T340:1.B.85$bY$cT340:1.B.84
=964  \\$aVOL. 1, 1665- 177, 1886 *A=1$dQ$eTL7898
=985  \\$aDo not merge with ISSN records
=985  \\$aRecord amended for WR# 13/070
=985  \\$aRecord merged by DQ team
=A02  \\$a2124391
=ACF  \\$aPrevious Copyright Fee: GBP6.50$c0$e01-apr-2012$fGBP6.50$g0$hC$5Uk
=ACF  \\$aPrevious Copyright Fee: GBP6.50$c0$e01-jan-2012$fGBP6.50$g0$hC$5Uk
=ACF  \\$aPrevious Copyright Fee: GBP6.50$c0$e01-oct-2011$fGBP6.50$g0$hC$5Uk
=ACF  \\$aPrevious Copyright Fee: GBP6.50$c0$e01-jul-2011$fGBP6.50$g0$hC$5Uk
=ACF  \\$aPrevious Copyright Fee: GBP6.50$c0$e01-apr-2011$fGBP6.50$g0$hC$5Uk
=ACF  \\$aPrevious Copyright Fee: GBP6.50$c0$e01-jan-2011$fGBP6.50$g0$hC$5Uk
=ACF  \\$aPrevious Copyright Fee: GBP6.50$c0$e01-oct-2010$fGBP6.50$g0$hC$5Uk
=ACF  \\$aPrevious Copyright Fee: GBP6.50$c0$e01-jul-2010$fGBP6.50$g0$hC$5Uk
=ACF  \\$aPrevious Copyright Fee: GBP6.50$c0$e01-apr-2010$fGBP6.50$g0$hC$5Uk
=ACF  \\$aPrevious Copyright Fee: GBP6.50$c0$e01-Jan-2010$fGBP6.50$g0$hC$5Uk
=ACF  \\$aPrevious Copyright Fee: GBP6.50$c0$e01-oct-2009$fGBP6.50$g0$hC$5Uk
=ACF  \\$aPrevious Copyright Fee: GBP6.50$c0$e01-jul-2009$fGBP6.50$g0$hC$5Uk
=ACF  \\$aPrevious Copyright Fee: GBP6.50$c0$e01-apr-2009$fGBP6.50$g0$hC$5Uk
=ACF  \\$aPrevious Copyright Fee: GBP6.50$c0$e01-jan-2009$fGBP6.50$g0$hC$5Uk
=ACF  \\$aPrevious Copyright Fee: GBP6.50$c0$e01-oct-2008$fGBP6.50$g0$hC$5Uk
=ACF  \\$aPrevious Copyright Fee: GBP6.50$c0$e01-jul-2008$fGBP6.50$g0$hC$5Uk
=ACF  \\$aPrevious Copyright Fee: GBP6.50$c0$e01-apr-2008$fGBP6.50$g0$hC$5Uk
=ACF  \\$aPrevious copyright fee: GBP5.00$c0$e01-jul-2002$fGBP5.00$g0$hA$5Uk
=ACF  \\$aCurrent copyright fee: GBP4.40$c0$e01-jul-1998$fGBP4.40$g0$hA$5Uk
=ACF  \\$aCurrent copyright fee: GBP4.20$c0$e01-apr-1997$fGBP4.20$g0$hA$5Uk
=ACF  \\$aPrevious Copyright Fee: GBP6.50$c0$e01-jul-2012$fGBP6.50$g0$hC$5Uk
=ACF  \\$aPrevious Copyright Fee: GBP6.50$c0$e01-oct-2012$fGBP6.50$g0$hC$5Uk
=ACF  \\$aPrevious Copyright Fee: GBP19.50$c0$e01-oct-2017$fGBP19.50$g0$hC$5Uk
=CAT  \\$aCONV$b00$c20040425$lBLL90$h0708
=CAT  \\$aIPL-CLA$c20110630$lBLL01$h1510
=CAT  \\$aBATCH-CLA$b00$c20110831$lBLL01$h1805
=CAT  \\$a7416$b40$c20110920$lBLL01$h1712
=CAT  \\$aIPL-CLA$c20110930$lBLL01$h1509
=CAT  \\$aBATCH-CLA$b00$c20111130$lBLL01$h1218
=CAT  \\$aIPL-CLA$c20111230$lBLL01$h1712
=CAT  \\$aBATCH-CLA$b00$c20120229$lBLL01$h1631
=CAT  \\$aIPL-CLA$c20120330$lBLL01$h1355
=CAT  \\$aBATCH-CLA$b00$c20120531$lBLL01$h1719
=CAT  \\$aIPL-CLA$c20120629$lBLL01$h0951
=CAT  \\$aBATCH-CLA$b00$c20120831$lBLL01$h1547
=CAT  \\$aIPL-CLA$c20120930$lBLL01$h2005
=CAT  \\$aBATCH-CLA$b00$c20121103$lBLL01$h1020
=CAT  \\$aWR12_168$c20121206$lBLL01$h1834
=CAT  \\$aWR13.005$c20130329$lBLL01$h1227
=CAT  \\$aWR13_070$b00$c20130504$lBLL01$h0151
=CAT  \\$aWR13_070C$c20130611$lBLL01$h1848
=CAT  \\$aBATCH-UPD$b00$c20170507$lBLL01$h2217
=CAT  \\$aBATCH-CLA$b00$c20170831$lBLL01$h1633
=CAT  \\$aIPL-CLA$c20170929$lBLL01$h1710
=CAT  \\$a14185$b40$c20220805$lBLL01$h0913
=CAT  \\$aBATCH-CLA$b00$c20221130$lBLL01$h1500
=CAT  \\$aIPL-CLA$c20221231$lBLL01$h1837
=CAT  \\$aBATCH-CLA$b00$c20230209$lBLL01$h1547
=CAT  \\$aIPL-CLA$c20230210$lBLL01$h0044
=CAT  \\$a14185$b40$c20230522$lBLL01$h1236
=CFI  0\$aCurrent Copyright Fee: GBP19.50$c0$e09-feb-2023$fGBP19.50$g0$hC$5Uk
=CFI  2\$aBritish Library not licensed to copy$c0$e01-jan-2023$hC$iCFP Excluded$5Uk
=FIN  \\$aY
=FMT  \\$a  SE
=LAS  \\$a14185$b40$c20230522$lBLL01$h1236
=LEO  \\$aMP25.0000000524
=LEO  \\$aMP10.0000438352
=LEO  \\$aMP1.0002377410
=SRC  \\$aBLS01$bbibmp1.200404.2.ac
=SRC  \\$aSRI01$bbibmp25.200404.2.aa
=SRC  \\$aDSS01$bbibmp10.200404.2.aa
=TCO  \\$aCLA$bCLA$c008

