=LDR  06075cas a2201249 a 4500
=001  007862178
=003  Uk
=005  20230209233116.0
=007  ta
=008  910524d18872017enker\p\\\\\\\0\\\a0eng\\
=019  c\$a2124394
=019  0\$as280470002
=022  0\$a0962-8436$z2058-3621$y0080-4622
=040  \\$aUk$cUk$dUk
=082  04$a570$223
=084  \\$aC 00$2blsrissc
=222  \0$aPhilosophical transactions - Royal Society. Biological sciences$b(Print)
=245  00$aPhilosophical transactions of the Royal Society of London.$nSeries B,$pBiological sciences.
=246  1\$iIssues for July 1990-Dec. 1998, have title:$aPhilosophical transactions.$pBiological sciences
=246  1\$iIssues for Jan. 1999-Sept. 2004, have title:$aPhilosophical transactions of the Royal Society.$pBiological sciences
=246  1\$iIssues for Oct. 2004-December 2014, have title:$aPhilosophical transactions of the Royal Society.$nB,$pBiological sciences
=246  1\$iIssues for January 2015-September 19, 2015, have title:$aPhilosophical transactions. B
=246  1\$iIssues for September 26, 2015- , have title:$aPhilosophical transactions of the Royal Society.$nB,$pBiological sciences
=260  \\$aLondon :$bRoyal Society,$c1887-
=300  \\$av. ;$c30 cm.
=310  \\$aBiweekly
=321  \\$aMonthly
=336  \\$atext$2rdacontent
=337  \\$aunmediated$2rdamedia
=338  \\$avolume$2rdacarrier
=362  1\$aBegan in 1887.
=500  \\$aSize varies.
=500  \\$aSubtitle varies.
=500  \\$aSome issues have theme titles.
=500  \\$aIssues from January-September 13, 2015, published without section title: Biological sciences.
=540  \\$aCurrent Copyright Fee: GBP19.50$c0$5Uk
=555  \\$aCumulative index to 1900 in the Society's "Catalogue of scientific papers", later "International catalogue of scientific literature", then jointly with the Society's "Proceedings", q.v.
=588  \\$aLatest issue consulted: volume 370, issue 1678 (26 September 2015).
=595  \\$aFORMERLY 6462.949 UP TO VOL. 177, 1886 SEE ALSO 3535.992 FOR OTHER SRIS HOLDINGS.
=650  \0$aBiology$vPeriodicals.
=650  \0$aScience$vPeriodicals.
=650  \0$aMeteorology$zGreat Britain$vPeriodicals.
=710  2\$aRoyal Society (Great Britain)
=852  41$aBritish Library$bDSC$j6464.000000$3Vol. 178 (1887)-no. 1658 (2014)***UKRR Retained Title
=852  71$aBritish Library$bSTI$k(P)$hC 00$m-E(1)$2blsrissc$3Vol. 178 (1887)-Issue 1714 (2017)***Title now taken as electronic copy only***Deficient: vol. 181 (1890)
=852  71$aBritish Library$bSTI$k(MP)$hC 00$m-E(1)$2blsrissc$3Suppl. to vol. 326, no. 1232
=945  \\$aPHILOSOPHICAL TRANSACTIONS- ROYAL SOCIETY OF LONDON SERIES B BIOLOGICAL SCIENCES.
=959  \\$fHeld but not currently received
=963  \\$a1887- *A=1$bY$cP379.B.61
=964  \\$aVOL. 178, 1887- *A=1$c5$dQ$eTL78982
=985  \\$aDo not merge with ISSN UK record.
=985  \\$aRecord merged by DQ team
=985  \\$aCONFERENCE ANALYTIC RECORDS EXIST
=985  \\$aDo not merge with ISSN record on #014904747, ISSN assigned to minor title change in 1990
=A02  \\$a2124394
=ACF  \\$aPrevious Copyright Fee: GBP6.50$c0$e01-apr-2012$fGBP6.50$g0$hC$5Uk
=ACF  \\$aPrevious Copyright Fee: GBP6.50$c0$e01-jan-2012$fGBP6.50$g0$hC$5Uk
=ACF  \\$aPrevious Copyright Fee: GBP6.50$c0$e01-oct-2011$fGBP6.50$g0$hC$5Uk
=ACF  \\$aPrevious Copyright Fee: GBP6.50$c0$e01-jul-2011$fGBP6.50$g0$hC$5Uk
=ACF  \\$aPrevious Copyright Fee: GBP6.50$c0$e01-apr-2011$fGBP6.50$g0$hC$5Uk
=ACF  \\$aPrevious Copyright Fee: GBP6.50$c0$e01-jul-2010$fGBP6.50$g0$hC$5Uk
=ACF  \\$aPrevious copyright fee: GBP6.50$c0$e01-oct-2002$fGBP6.50$g0$hC$5Uk
=ACF  \\$aCurrent copyright fee: GBP5.00$c0$e01-jul-2002$fGBP5.00$g0$hC$5Uk
=ACF  \\$aCurrent copyright fee: GBP2.53$c0$e01-jul-2001$fGBP2.53$g0$hC$5Uk
=ACF  \\$aPrevious Copyright Fee: GBP6.50$c0$e01-oct-2012$fGBP6.50$g0$hC$5Uk
=ACF  \\$aPrevious Copyright Fee: GBP6.50$c0$e01-jul-2012$fGBP6.50$g0$hC$5Uk
=ACF  \\$aPrevious Copyright Fee: GBP6.50$c0$e01-jul-2015$fGBP6.50$g0$hC$5Uk
=ACF  \\$aPrevious Copyright Fee: GBP19.50$c0$e01-oct-2017$fGBP19.50$g0$hC$5Uk
=CAT  \\$aCONV$b00$c20040425$lBLL90$h0708
=CAT  \\$aBATCH-CLA$b00$c20110831$lBLL01$h1812
=CAT  \\$a8124$b40$c20110928$lBLL01$h0947
=CAT  \\$aIPL-CLA$c20110930$lBLL01$h1509
=CAT  \\$aBATCH-CLA$b00$c20111130$lBLL01$h1222
=CAT  \\$aIPL-CLA$c20111230$lBLL01$h1712
=CAT  \\$aBATCH-CLA$b00$c20120229$lBLL01$h1632
=CAT  \\$aBATCH-CLA$b00$c20120229$lBLL01$h1634
=CAT  \\$aIPL-CLA$c20120330$lBLL01$h1355
=CAT  \\$aBATCH-CLA$b00$c20120531$lBLL01$h1723
=CAT  \\$aIPL-CLA$c20120629$lBLL01$h0951
=CAT  \\$aBATCH-CLA$b00$c20120831$lBLL01$h1547
=CAT  \\$aIPL-CLA$c20120930$lBLL01$h2005
=CAT  \\$aBATCH-CLA$b00$c20121103$lBLL01$h1020
=CAT  \\$aWR12_168$c20121206$lBLL01$h1834
=CAT  \\$aWR13.005$c20130329$lBLL01$h1227
=CAT  \\$aCDS15-UPD$b40$c20140630$lBLL01$h1052
=CAT  \\$a8874$b40$c20140701$lBLL01$h0822
=CAT  \\$a8124$b40$c20150429$lBLL01$h0818
=CAT  \\$a11316$b40$c20150907$lBLL01$h1423
=CAT  \\$a10806$b40$c20170504$lBLL01$h1548
=CAT  \\$aBATCH-CLA$b00$c20170831$lBLL01$h1633
=CAT  \\$aIPL-CLA$c20170929$lBLL01$h1710
=CAT  \\$a7764$b40$c20211230$lBLL01$h1742
=CAT  \\$aBATCH-CLA$b00$c20221130$lBLL01$h1458
=CAT  \\$aIPL-CLA$c20221231$lBLL01$h1433
=CAT  \\$aBATCH-CLA$b00$c20230209$lBLL01$h1545
=CAT  \\$aIPL-CLA$c20230209$lBLL01$h2331
=CFI  0\$aCurrent Copyright Fee: GBP19.50$c0$e09-feb-2023$fGBP19.50$g0$hC$5Uk
=CFI  2\$aBritish Library not licensed to copy$c0$e01-jan-2023$hC$iCFP Excluded$5Uk
=FIN  \\$aY
=FMT  \\$a  SE
=LAS  \\$aIPL-CLA$b00$c20230209$lBLL01$h2331
=LEO  \\$aMP25.0000118451
=LEO  \\$aMP10.0000438356
=SRC  \\$aSRI01$bbibmp25.200404.2.aa
=SRC  \\$aDSS01$bbibmp10.200404.2.aa
=TCO  \\$aCLA$bCLA$c008
=TOC  \\$aETOC

