=LDR  03461cas a22007933  4500
=001  007863581
=003  Uk
=005  20221231183719.0
=008  040410u||||||||xxka|\p|||\\\\0\\\|0por\\
=019  c\$a2567007
=022  0\$a1461-6629
=040  \\$aUk$cUk$dUk
=245  00$aPINTURAS E TINTAS -PORTUGUESE EDITION-.
=336  \\$atext$2rdacontent
=337  \\$aunmediated$2rdamedia
=338  \\$avolume$2rdacarrier
=540  \\$aCurrent Copyright Fee: GBP25.00$c0$5Uk
=852  41$aBritish Library$bSTI$j(P) MA 253 -F(2)$31997,VOL.1, PT.1.
=883  0\$aLanguage codes assigned by Bayesian analysis of words present in record$d20210115$qUk$c0.9450
=886  2\$2blmarc$a092$b00$a6501.515000n
=945  \\$aPINTURAS E TINTAS -PORTUGUESE EDITION-.
=979  \\$aBritish Library$bDSC$j6501.515000N
=985  \\$aISSN cancelled. Will be single bilingual journal from 1999.
=A02  \\$a2567007
=ACF  \\$aPrevious copyright fee: GBP9.00$c0$e01-apr-2010$fGBP9.00$g0$hA$5Uk
=ACF  \\$aPrevious copyright fee: GBP6.00$c0$e01-apr-2008$fGBP6.00$g0$hA$5Uk
=ACF  \\$aPrevious copyright fee: GBP5.00$c0$e01-jul-2002$fGBP5.00$g0$hA$5Uk
=ACF  \\$aCurrent copyright fee: GBP4.40$c0$e01-jul-1998$fGBP4.40$g0$hA$5Uk
=ACF  \\$aCurrent copyright fee: GBP4.20$c0$e02-jun-1998$fGBP4.20$g0$hA$5Uk
=ACF  \\$aPrevious copyright fee: GBP10.50$c0$e01-jan-2011$fGBP10.50$g0$hA$5Uk
=ACF  \\$aPrevious copyright fee: GBP12.00$c0$e01-jan-2012$fGBP12.00$g0$hA$5Uk
=ACF  \\$aPrevious Copyright Fee: GBP12.30$c0$e01-jan-2014$fGBP12.30$g0$hA$5Uk
=ACF  \\$aPrevious Copyright Fee: GBP15.00$c0$e01-jan-2017$fGBP15.00$g0$hA$5Uk
=ACF  \\$aPrevious Copyright Fee: GBP17.50$c0$e01-jan-2018$fGBP17.50$g0$hA$5Uk
=ACF  \\$aPrevious Copyright Fee: GBP20.00$c0$e01-jan-2020$fGBP20.00$g0$hA$5Uk
=CAT  \\$aCONV$b00$c20040425$lBLL90$h0708
=CAT  \\$aBATCH-UPD$b00$c20100331$lBLL01$h2055
=CAT  \\$aBATCH-UPD$b00$c20100401$lBLL01$h0036
=CAT  \\$aBATCH$b00$c20100401$lBLL01$h0345
=CAT  \\$aBATCH$b00$c20100401$lBLL01$h1348
=CAT  \\$aBATCH-UPD$b00$c20101124$lBLL01$h1737
=CAT  \\$aBATCH-UPD$b00$c20101125$lBLL01$h1000
=CAT  \\$aIPL-CLA$c20101231$lBLL01$h1209
=CAT  \\$aWR11_203$c20111204$lBLL01$h1302
=CAT  \\$aIPL-CLA$c20111230$lBLL01$h1712
=CAT  \\$aBATCH-CLA$b00$c20121103$lBLL01$h1020
=CAT  \\$aWR13.005$c20130329$lBLL01$h1228
=CAT  \\$aBATCH-CLA$c20131217$lBLL01$h0121
=CAT  \\$aIPL-CLA$c20131231$lBLL01$h1901
=CAT  \\$aBATCH-CLA$b00$c20161222$lBLL01$h1700
=CAT  \\$aIPL-CLA$c20161230$lBLL01$h1818
=CAT  \\$aBATCH-CLA$b00$c20171222$lBLL01$h1955
=CAT  \\$aIPL-CLA$c20171231$lBLL01$h1353
=CAT  \\$aBATCH-CLA$b00$c20191219$lBLL01$h1625
=CAT  \\$aIPL-CLA$c20191231$lBLL01$h1724
=CAT  \\$aBATCH-CLA$b00$c20201204$lBLL01$h1420
=CAT  \\$aIPL-CLA$c20201231$lBLL01$h1921
=CAT  \\$aW2102-0046$b00$c20210423$lBLL01$h1820
=CAT  \\$a8323$b40$c20220304$lBLL01$h1641
=CAT  \\$aBATCH-CLA$b00$c20221221$lBLL01$h1724
=CAT  \\$aIPL-CLA$c20221231$lBLL01$h1837
=CFI  0\$aCurrent Copyright Fee: GBP25.00$c0$e01-jan-2023$fGBP25.00$g0$hA$5Uk
=CFI  2\$aPrevious Copyright Fee: GBP22.50$c0$e01-jan-2021$fGBP22.50$g0$hA$5Uk
=FIN  \\$aY
=FMT  \\$a  SE
=LAS  \\$aIPL-CLA$b00$c20221231$lBLL01$h1837
=LEO  \\$aMP10.0000440341
=SRC  \\$aDSS01$bbibmp10.200404.2.aa
=TCO  \\$aCLA$bCLA$c008

