=LDR  03842cas a22008533  4500
=001  007871481
=003  Uk
=005  20220930154713.0
=008  040410d19051919xxumr\p\\\\\\\0\\\a0eng\\
=019  c\$a2128082
=022  \\$a0097-2444
=040  \\$aUk$cUk$dUk
=222  \0$aProceedings of the American Institute of Electrical Engineers
=245  00$aPROCEEDINGS- AMERICAN INSTITUTE OF ELECTRICAL ENGINEERS.
=246  13$aProceedings of the American Institute of Electrical Engineers
=260  \\$a[New York] :$b[American Institute of Electrical Engineers]
=336  \\$atext$2rdacontent
=337  \\$aunmediated$2rdamedia
=338  \\$avolume$2rdacarrier
=540  \\$aCurrent copyright fee: GBP27.50$c32\0$5Uk
=595  \\$aFORMERLY 8888.9 UP TO 1904 CONTD AS 4686.7 VOL. 39, 1920-
=852  41$aBritish Library$bDSC$j6626.100000$3Vol. 24, no. 2 (1905)-v. 38, no. 12 (1919)***UKRR Retained Title***Stock Incomplete
=856  \\$31850-9999$uhttp://ieeexplore.ieee.org/Xplore/home.jsp$xBLDSS
=945  \\$aPROCEEDINGS- AMERICAN INSTITUTE OF ELECTRICAL ENGINEERS.
=959  \\$fHeld but not currently received
=985  \\$aISSN information added at request of Purchased Serials Processing Team.
=A02  \\$a2128082
=ACF  \\$aPrevious copyright fee: GBP9.00$c0$e01-apr-2010$fGBP9.00$g0$hA$5Uk
=ACF  \\$aPrevious copyright fee: GBP6.00$c0$e01-apr-2008$fGBP6.00$g0$hA$5Uk
=ACF  \\$aPrevious copyright fee: GBP5.00$c0$e01-jul-2002$fGBP5.00$g0$hA$5Uk
=ACF  \\$aCurrent copyright fee: GBP4.40$c0$e01-jul-1998$fGBP4.40$g0$hA$5Uk
=ACF  \\$aCurrent copyright fee: GBP4.20$c0$e01-apr-1997$fGBP4.20$g0$hA$5Uk
=ACF  \\$aPrevious copyright fee: GBP10.50$c0$e01-jan-2011$fGBP10.50$g0$hA$5Uk
=ACF  \\$aPrevious copyright fee: GBP12.00$c0$e01-jan-2012$fGBP12.00$g0$hA$5Uk
=ACF  \\$aPrevious Copyright Fee: GBP12.30$c0$e01-jan-2014$fGBP12.30$g0$hA$5Uk
=ACF  \\$aPrevious Copyright Fee: GBP17.50$c0$e01-jan-2018$fGBP17.50$g0$hA$5Uk
=ACF  \\$aPrevious Copyright Fee: GBP15.00$c0$e01-jan-2017$fGBP15.00$g0$hA$5Uk
=ACF  \\$aPrevious copyright fee: GBP23.57$c32\0$e01-may-2019$fGBP23.57$g0$hP$5Uk
=CAT  \\$aCONV$b00$c20040425$lBLL90$h0708
=CAT  \\$aBATCH-UPD$b00$c20100401$lBLL01$h0038
=CAT  \\$aBATCH$b00$c20100401$lBLL01$h0348
=CAT  \\$aBATCH$b00$c20100401$lBLL01$h1351
=CAT  \\$aBATCH-UPD$b00$c20101124$lBLL01$h1740
=CAT  \\$aBATCH-UPD$b00$c20101125$lBLL01$h1003
=CAT  \\$aIPL-CLA$c20101231$lBLL01$h1212
=CAT  \\$aWR11_203$c20111204$lBLL01$h1305
=CAT  \\$aIPL-CLA$c20111230$lBLL01$h1715
=CAT  \\$aBATCH-CLA$b00$c20121104$lBLL01$h1042
=CAT  \\$aWR13.005$c20130329$lBLL01$h1235
=CAT  \\$aBATCH-CLA$c20131217$lBLL01$h0125
=CAT  \\$aIPL-CLA$c20131231$lBLL01$h1905
=CAT  \\$aBATCH-CLA$b00$c20161222$lBLL01$h1701
=CAT  \\$aIPL-CLA$c20161230$lBLL01$h1820
=CAT  \\$aBATCH-CLA$b00$c20171222$lBLL01$h1956
=CAT  \\$aIPL-CLA$c20171231$lBLL01$h1356
=CAT  \\$a5552$b40$c20190501$lBLL01$h1412
=CAT  \\$aBLDSS-3PM$b00$c20190508$lBLL01$h1027
=CAT  \\$aBATCH-UPD$b00$c20190508$lBLL01$h1027
=CAT  \\$a11205$b40$c20190509$lBLL01$h1147
=CAT  \\$a11205$b40$c20190509$lBLL01$h1148
=CAT  \\$aBATCH-UPD$b40$c20220520$lBLL01$h1701
=CAT  \\$aIPL-CLA$c20220630$lBLL01$h1658
=CAT  \\$aBATCH-UPD$b00$c20220824$lBLL01$h0924
=CAT  \\$aIPL-CLA$c20220930$lBLL01$h1547
=CFI  0\$aCurrent copyright fee: GBP27.50$c32\0$e01-oct-2022$fGBP27.50$g0$hP$5Uk
=CFI  2\$aPrevious copyright fee: GBP26.40$c32\0$e01-jul-2022$fGBP26.40$g0$hP$5Uk
=FFP  \\$aY$bBLDSS-3PM
=FIN  \\$aY
=FMT  \\$a  SE
=LAS  \\$aIPL-CLA$b00$c20220930$lBLL01$h1547
=LEO  \\$aMP10.0000451451
=SRC  \\$aDSS01$bbibmp10.200404.2.aa
=TCO  \\$aZZZ$c008
=UNO  \\$aY

