=LDR  05694 as a2201201 a 4500
=001  007872869
=003  Uk
=005  20200331160410.0
=007  ta
=008  040410d18331965enkar\p\\\\\\\0\\\a0eng\\
=019  c\$a2129049
=019  0\$as223903000
=019  x\$a1992940282
=040  \\$aUk$cUk$dUk
=084  \\$aEP 00$2blsrissc
=245  00$aProceedings of the Zoological Society of London.
=246  1\$iIssues for 1861 to 1890 have title:$aProceedings of the scientific meetings of the Zoological Society of London
=246  1\$iIssues for 1891 to 1936 have title:$aProceedings of the general meetings for scientific business of the Zoological Society of London
=260  \\$aLondon,$c1833-1965.
=300  \\$av. :$bill. ;$c23-27 cm
=336  \\$atext$2rdacontent
=337  \\$aunmediated$2rdamedia
=338  \\$avolume$2rdacarrier
=515  \\$aVolume numeration begins with vol.107.
=540  \\$aCurrent copyright fee: GBP32.00$c35\0$5Uk
=555  \\$aAlso hold index: 1871-1880, in separate volume.
=580  \\$aVol.107, 108 in 3 series: A, B and C; vol.109-113 in 2 series: A and B; series C replaced by "Zoological Society of London. Agenda and abstracts of the scientific meetings ... ", q.v.
=595  \\$aFORMERLY 6681.82N CONTD AS 5072.79 SEE ALSO CARD INDEX.
=650  \0$aZoology$xPeriodicals.
=710  2\$aZoological Society of London.
=785  00$tJournal of zoology (1965)
=852  41$aBritish Library$bOC$jST 1167$3Holdings: 1879-1883. Wanting: pt.1-3 (1879); pt.2 (1880); pt.3-4 (1883)
=852  41$aBritish Library$bHMNTS$jAc.3585/2.$3Vol. 1 (1833)-v. 97 (1929); v. 143 (1964)-v. 153, no. 4 (1967)
=852  71$aBritish Library$bSTI$k(P)$hEP 00$m-E(6)$2blsrissc$3Vol. 98 (1930)-v. 145 (1965)
=852  71$aBritish Library$bSTI$k(MP)$hEP 00$m-C(2)$2blsrissc$3Vol.1 (1833)-v.97 (1929).***Microfiche
=852  41$aBritish Library$bDSC$j6836.000000$31860- v. 145 (1965)***UKRR Retained Title
=856  \\$31850-9999$uhttp://onlinelibrary.wiley.com/$xBLDSS
=945  \\$aProceedings - Zoological Society of London.
=959  \\$fHeld but not currently received
=963  \\$a1833- 1965 *A=1$bY$cP384.B.21
=964  \\$aPT. 1, 1830- 145, 1965 *A=1$c59$dO$eTL9388
=985  \\$aISSN UK Centre Note. Separate ISSN records exist for variant titles.
=A02  \\$a2129049
=ACF  \\$aPrevious Copyright Fee: GBP5.00$c0$e01-apr-2006$fGBP5.00$g0$hC$5Uk
=ACF  \\$aPrevious Copyright Fee: GBP5.00$c0$e01-jan-2006$fGBP5.00$g0$hC$5Uk
=ACF  \\$aPrevious Copyright Fee: GBP5.00$c0$e01-oct-2005$fGBP5.00$g0$hC$5Uk
=ACF  \\$aPrevious Copyright Fee: GBP5.00$c0$e01-jul-2005$fGBP5.00$g0$hC$5Uk
=ACF  \\$aPrevious Copyright Fee: GBP5.00$c0$e01-apr-2005$fGBP5.00$g0$hC$5Uk
=ACF  \\$aPrevious Copyright Fee: GBP5.00$c0$e01-jan-2005$fGBP5.00$g0$hC$5Uk
=ACF  \\$aPrevious Copyright Fee: GBP5.00$c0$e01-oct-2004$fGBP5.00$g0$hC$5Uk
=ACF  \\$aPrevious copyright fee: GBP5.00$c0$e01-jul-2002$fGBP5.00$g0$hC$5Uk
=ACF  \\$aCurrent copyright fee: GBP4.40$c0$e25-apr-2002$fGBP4.40$g0$hA$5Uk
=ACF  \\$aCurrent copyright fee: GBP4.40 British Library not licensed to FAX$c0$e01-jul-1998$fGBP4.40$g0$hA$iFAX is CLA-excluded$5Uk
=ACF  \\$aPrevious copyright fee: GBP10.50$c0$e01-jan-2011$fGBP10.50$g0$hA$5Uk
=ACF  \\$aPrevious Copyright Fee: GBP12.30$c0$e01-jan-2014$fGBP12.30$g0$hA$5Uk
=ACF  \\$aPrevious copyright fee: GBP12.00$c0$e01-jan-2012$fGBP12.00$g0$hA$5Uk
=ACF  \\$aPrevious Copyright Fee: GBP22.00$c10\0$e19-feb-2015$fGBP22.00$g0$hP$5Uk
=ACF  \\$aPrevious Copyright Fee: GBP24.00$c10\0$e01-apr-2015$fGBP24.00$g0$hP$5Uk
=ACF  \\$aPrevious Copyright Fee: GBP24.00$c35\0$e07-mar-2017$fGBP24.00$g0$hP$5Uk
=CAT  \\$aCONV$b00$c20040425$lBLL90$h0708
=CAT  \\$aIPL-CLA$c20101231$lBLL01$h1213
=CAT  \\$aWR11_203$c20111204$lBLL01$h1305
=CAT  \\$aIPL-CLA$c20111230$lBLL01$h1716
=CAT  \\$aBATCH-CLA$b00$c20121104$lBLL01$h1042
=CAT  \\$aWR13.005$c20130329$lBLL01$h1236
=CAT  \\$aBATCH-CLA$c20131217$lBLL01$h0125
=CAT  \\$aIPL-CLA$c20131231$lBLL01$h1906
=CAT  \\$a5552$b40$c20150219$lBLL01$h1111
=CAT  \\$a5552$b40$c20150219$lBLL01$h1406
=CAT  \\$aIPL-CLA$c20150331$lBLL01$h1616
=CAT  \\$aBLDSS-3PM$b00$c20150513$lBLL01$h0806
=CAT  \\$a10806$b40$c20160105$lBLL01$h1414
=CAT  \\$a10806$b40$c20160105$lBLL01$h1418
=CAT  \\$a10806$b40$c20160105$lBLL01$h1439
=CAT  \\$a10806$b40$c20160106$lBLL01$h1428
=CAT  \\$aBATCH-UPD$b40$c20160413$lBLL01$h1803
=CAT  \\$aBATCH-UPD$b40$c20161017$lBLL01$h1105
=CAT  \\$aW1703-0316$c20170306$lBLL01$h1822
=CAT  \\$aW1703-0316$c20170307$lBLL01$h1645
=CAT  \\$aIPL-CLA$c20170307$lBLL01$h1823
=CAT  \\$aBATCH-UPD$b00$c20180219$lBLL01$h1739
=CAT  \\$aBATCH-UPD$b00$c20181121$lBLL01$h1618
=CAT  \\$aIPL-CLA$c20181231$lBLL01$h1533
=CAT  \\$aBATCH-UPD$b00$c20200219$lBLL01$h1539
=CAT  \\$aIPL-CLA$c20200331$lBLL01$h1604
=CFI  0\$aCurrent copyright fee: GBP32.00$c35\0$e01-apr-2020$fGBP32.00$g0$hP$5Uk
=CFI  2\$aPrevious copyright fee: GBP28.00$c35\0$e01-jan-2019$fGBP28.00$g0$hP$5Uk
=FFP  \\$aY$bBLDSS-3PM
=FIN  \\$aY
=FMT  \\$a  SE
=LAS  \\$aIPL-CLA$b00$c20200331$lBLL01$h1604
=LEO  \\$aMP25.0000086387
=LEO  \\$aMP1.0002384509.2
=LEO  \\$aMP1.0002384509
=LEO  \\$aMP10.0000453383
=LEO  \\$aMP13.0000558877
=SRC  \\$aHSS01$bbibmp13.200404.2.ab
=SRC  \\$aSRI01$bbibmp25.200404.2.aa
=SRC  \\$aBLS01$bbibmp1.200404.2.ac
=SRC  \\$aDSS01$bbibmp10.200404.2.aa
=TCO  \\$aCLA$bCLA$c008
=TOC  \\$aETOC
=UNO  \\$aY

