=LDR  07564cas a22014053  4500
=001  007873546
=003  Uk
=005  20230210004449.0
=007  ta
=008  040410c19749999xxuar\p\\\\\\\0\\\a0eng\\
=019  c\$a2129427
=022  0\$a0272-5037$y0066-0647
=040  \\$aUk$beng$cUk$erda
=110  2\$aAmerican Society of International Law.
=210  0\$aProc. annu. meet.- Am. Soc. Int. Law
=222  \0$aProceedings of the annual meeting - American Society of International Law
=245  10$aProceedings of the ... Annual Meeting /$cAmerican Society of International Law
=246  13$aProceedings of the anniversary convocation
=264  \1$aWashington, D.C. :$bThe Society
=310  \\$aAnnual
=336  \\$atext$2rdacontent
=337  \\$aunmediated$2rdamedia
=338  \\$avolume$2rdacarrier
=540  \\$aCurrent Copyright Fee: GBP22.50$c0$5Uk
=595  \\$aFORMERLY 6633.4 CHANGE BETWEEN 63RD, 1969 AND 68TH, 1974.
=710  2\$aAmerican Society of International Law.$bAnnual Meeting.
=776  08$iAlso issued online as:$tProceedings of the annual meeting$x2169-1118
=780  00$tProceedings of the American Society of International Law at its annual meeting (1921)$x0272-5045
=852  41$aBritish Library$bDSC$j6841.279500$3No. 68 (1974)-n.103 (2009)***UKRR Retained Title
=945  \\$aPROCEEDINGS OF THE ANNUAL MEETING- AMERICAN SOCIETY OF INTERNATIONAL LAW.
=959  \\$fHeld but not currently received
=985  \\$aISSN UK Centre note: Due to be published by CUP, 2017-. Email from CUP, July 1 2016.
=985  \\$aISSN RDA COMPLETION - TO BE CATALOGUED BY RDA TRAINED CATALOGUERS.
=A02  \\$a2129427
=ACF  \\$aPrevious Copyright Fee: GBP7.74$c0$e01-apr-2012$fGBP7.74$g0$hC$5Uk
=ACF  \\$aPrevious Copyright Fee: GBP7.20$c0$e01-jan-2012$fGBP7.20$g0$hC$5Uk
=ACF  \\$aPrevious Copyright Fee: GBP7.20$c0$e01-oct-2011$fGBP7.20$g0$hC$5Uk
=ACF  \\$aPrevious Copyright Fee: GBP7.20$c0$e01-jul-2011$fGBP7.20$g0$hC$5Uk
=ACF  \\$aPrevious Copyright Fee: GBP7.20$c0$e01-jan-2011$fGBP7.20$g0$hC$5Uk
=ACF  \\$aPrevious Copyright Fee: GBP7.20$c0$e01-oct-2010$fGBP7.20$g0$hC$5Uk
=ACF  \\$aPrevious Copyright Fee: GBP7.20$c0$e01-jul-2010$fGBP7.20$g0$hC$5Uk
=ACF  \\$aPrevious Copyright Fee: GBP7.20$c0$e01-apr-2010$fGBP7.20$g0$hC$5Uk
=ACF  \\$aPrevious Copyright Fee: GBP7.20$c0$e01-Jan-2010$fGBP7.20$g0$hC$5Uk
=ACF  \\$aPrevious Copyright Fee: GBP7.20$c0$e01-oct-2009$fGBP7.20$g0$hC$5Uk
=ACF  \\$aPrevious Copyright Fee: GBP8.57$c0$e01-jul-2009$fGBP8.57$g0$hC$5Uk
=ACF  \\$aPrevious Copyright Fee: GBP8.57$c0$e01-apr-2009$fGBP8.57$g0$hC$5Uk
=ACF  \\$aPrevious Copyright Fee: GBP7.50$c0$e01-jan-2009$fGBP7.50$g0$hC$5Uk
=ACF  \\$aPrevious Copyright Fee: GBP6.00$c0$e01-oct-2008$fGBP6.00$g0$hC$5Uk
=ACF  \\$aPrevious Copyright Fee: GBP6.00$c0$e01-jul-2008$fGBP6.00$g0$hC$5Uk
=ACF  \\$aPrevious Copyright Fee: GBP6.00$c0$e01-apr-2008$fGBP6.00$g0$hC$5Uk
=ACF  \\$aPrevious Copyright Fee: GBP6.00$c0$e01-jan-2008$fGBP6.00$g0$hC$5Uk
=ACF  \\$aPrevious Copyright Fee: GBP6.00$c0$e01-oct-2007$fGBP6.00$g0$hC$5Uk
=ACF  \\$aPrevious Copyright Fee: GBP6.00$c0$e01-jul-2007$fGBP6.00$g0$hC$5Uk
=ACF  \\$aPrevious Copyright Fee: GBP6.15$c0$e01-apr-2007$fGBP6.15$g0$hC$5Uk
=ACF  \\$aPrevious Copyright Fee: GBP6.49$c0$e01-jan-2007$fGBP6.49$g0$hC$5Uk
=ACF  \\$aPrevious Copyright Fee: GBP6.49$c0$e01-oct-2006$fGBP6.49$g0$hC$5Uk
=ACF  \\$aPrevious Copyright Fee: GBP6.86$c0$e01-jul-2006$fGBP6.86$g0$hC$5Uk
=ACF  \\$aPrevious Copyright Fee: GBP6.86$c0$e01-apr-2006$fGBP6.86$g0$hC$5Uk
=ACF  \\$aPrevious Copyright Fee: GBP6.67$c0$e01-jan-2006$fGBP6.67$g0$hC$5Uk
=ACF  \\$aPrevious Copyright Fee: GBP6.49$c0$e01-oct-2005$fGBP6.49$g0$hC$5Uk
=ACF  \\$aPrevious Copyright Fee: GBP6.49$c0$e01-jul-2005$fGBP6.49$g0$hC$5Uk
=ACF  \\$aPrevious Copyright Fee: GBP6.49$c0$e01-apr-2005$fGBP6.49$g0$hC$5Uk
=ACF  \\$aPrevious Copyright Fee: GBP6.67$c0$e01-jan-2005$fGBP6.67$g0$hC$5Uk
=ACF  \\$aPrevious Copyright Fee: GBP6.49$c0$e01-oct-2004$fGBP6.49$g0$hC$5Uk
=ACF  \\$aPrevious copyright fee: GBP6.49$c0$e01-apr-2004$fGBP6.49$g0$hC$5Uk
=ACF  \\$aCurrent copyright fee: GBP7.06$c0$e01-jan-2004$fGBP7.06$g0$hC$5Uk
=ACF  \\$aCurrent copyright fee: GBP7.50$c0$e01-jan-2003$fGBP7.50$g0$hC$5Uk
=ACF  \\$aPrevious Copyright Fee: GBP7.27$c0$e01-jul-2012$fGBP7.27$g0$hC$5Uk
=ACF  \\$aPrevious Copyright Fee: GBP7.74$c0$e01-oct-2012$fGBP7.74$g0$hC$5Uk
=ACF  \\$aPrevious Copyright Fee: GBP7.50$c0$e01-jan-2013$fGBP7.50$g0$hC$5Uk
=ACF  \\$aPrevious Copyright Fee: GBP7.74$c0$e01-jul-2013$fGBP7.74$g0$hC$5Uk
=ACF  \\$aPrevious Copyright Fee: GBP7.20$c0$e01-oct-2013$fGBP7.20$g0$hC$5Uk
=ACF  \\$aPrevious Copyright Fee: GBP7.50$c0$e01-jan-2014$fGBP7.50$g0$hC$5Uk
=ACF  \\$aPrevious Copyright Fee: GBP7.27$c0$e01-jul-2014$fGBP7.27$g0$hC$5Uk
=ACF  \\$aPrevious Copyright Fee: GBP6.06$c0$e01-jan-2015$fGBP6.06$g0$hC$5Uk
=ACF  \\$aPrevious Copyright Fee: GBP6.67$c0$e01-apr-2015$fGBP6.67$g0$hC$5Uk
=ACF  \\$aPrevious Copyright Fee: GBP6.45$c0$e01-oct-2015$fGBP6.45$g0$hC$5Uk
=ACF  \\$aPrevious Copyright Fee: GBP6.90$c0$e01-apr-2016$fGBP6.90$g0$hC$5Uk
=ACF  \\$aPrevious Copyright Fee: GBP7.41$c0$e01-oct-2016$fGBP7.41$g0$hC$5Uk
=ACF  \\$aPrevious copyright fee: GBP25.00$c43\0$e01-jan-2017$fGBP25.00$g0$hP$5Uk
=ACF  \\$aPrevious Copyright Fee: GBP17.50$c0$e01-apr-2019$fGBP17.50$g0$hA$5Uk
=ACF  \\$aPrevious Copyright Fee: GBP10.00$c0$e01-jul-2019$fGBP10.00$g0$hC$5Uk
=ACF  \\$aPrevious Copyright Fee: GBP22.50$c0$e01-apr-2021$fGBP22.50$g0$hC$5Uk
=CAT  \\$aCONV$b00$c20040425$lBLL90$h0708
=CAT  \\$aBATCH-CLA$b00$c20150828$lBLL01$h1538
=CAT  \\$aIPL-CLA$c20150930$lBLL01$h1743
=CAT  \\$aBATCH-CLA$b00$c20160229$lBLL01$h1613
=CAT  \\$aIPL-CLA$c20160331$lBLL01$h1700
=CAT  \\$a11313$b40$c20160704$lBLL01$h1545
=CAT  \\$a11313$b40$c20160704$lBLL01$h1546
=CAT  \\$a11313$b40$c20160704$lBLL01$h1552
=CAT  \\$aBATCH-CLA$b00$c20160831$lBLL01$h1649
=CAT  \\$aIPL-CLA$c20160930$lBLL01$h1544
=CAT  \\$a5552$b40$c20161128$lBLL01$h1141
=CAT  \\$aIPL-CLA$c20161230$lBLL01$h1821
=CAT  \\$aBLDSS-3PM$b00$c20170103$lBLL01$h1638
=CAT  \\$aBATCH-UPD$b00$c20170103$lBLL01$h1641
=CAT  \\$aBATCH-UPD$b00$c20170104$lBLL01$h0050
=CAT  \\$a5997$b40$c20170613$lBLL01$h1406
=CAT  \\$aW1902-1304$c20190314$lBLL01$h1238
=CAT  \\$aBATCH-UPD$b00$c20190314$lBLL01$h1617
=CAT  \\$aIPL-CLA$c20190331$lBLL01$h1721
=CAT  \\$aDEL-3PM$c20190409$lBLL01$h0903
=CAT  \\$aBATCH-CLA$b00$c20190531$lBLL01$h1623
=CAT  \\$aIPL-CLA$c20190630$lBLL01$h1525
=CAT  \\$aBATCH-CLA$b00$c20210227$lBLL01$h1012
=CAT  \\$aIPL-CLA$c20210331$lBLL01$h1833
=CAT  \\$aBATCH-CLA$b00$c20221130$lBLL01$h1443
=CAT  \\$aIPL-CLA$c20221231$lBLL01$h1839
=CAT  \\$aBATCH-CLA$b00$c20230209$lBLL01$h1530
=CAT  \\$aIPL-CLA$c20230210$lBLL01$h0044
=CFI  0\$aCurrent Copyright Fee: GBP22.50$c0$e09-feb-2023$fGBP22.50$g0$hC$5Uk
=CFI  2\$aBritish Library not licensed to copy$c0$e01-jan-2023$hC$iCFP Excluded$5Uk
=FIN  \\$aY
=FMT  \\$a  SE
=LAS  \\$aIPL-CLA$b00$c20230210$lBLL01$h0044
=LEO  \\$aMP10.0000454372
=LET  \0$aProceedings of the annual meeting (American Society of International Law) (Print)
=SRC  \\$aDSS01$bbibmp10.200404.2.aa
=TCO  \\$aTRS$bCCC$c008

