=LDR  01903cas a2200541 a 4500
=001  007886899
=003  Uk
=005  20211112155635.0
=007  ta
=008  040528c200u9999enkar\\\\\\\\\0\\\a0eng\\
=015  \\$aGBA545302$2bnb
=022  0\$a1479-7070
=040  \\$aUk$beng$cUk
=042  \\$aukblsr
=082  04$a332.110973$222
=222  \0$aUS banking
=245  00$aUS banking ...
=260  \\$a[Great Britain] :$bMICG Publishing
=300  \\$av. :$bcol. ill., col. ports. ;$c34 cm.
=310  \\$aAnnual
=336  \\$atext$2rdacontent
=337  \\$aunmediated$2rdamedia
=338  \\$avolume$2rdacarrier
=500  \\$aBegan in 2003?
=500  \\$aDescription based on: 2003 issue.
=650  \0$aBanks and banking$zUnited States$vPeriodicals.
=690  7\$aManagement and Business Studies$2blcoll
=852  41$aBritish Library$bHMNTS$jZK.9.d.2846
=985  \\$aISSN UK Centre: coding removed, query from proofreading, possible double assignment with ISSN 1479-1609 (in Portal) but Aleph shows 1479-1609 relates to title 'Banking'. Needs further investigation. 12/11/21 DLW.
=A02  \\$a3014696$z0
=CAT  \\$aCONV$b00$c20040425$lBLL90$h0713
=CAT  \\$a11439$b40$c20041103$lBLL01$h1411
=CAT  \\$a11316$b40$c20041207$lBLL01$h1559
=CAT  \\$a11439$b40$c20050224$lBLL01$h1257
=CAT  \\$a11439$b40$c20050512$lBLL01$h1140
=CAT  \\$a11439$b40$c20050512$lBLL01$h1308
=CAT  \\$a11439$b40$c20050526$lBLL01$h1045
=CAT  \\$aBATCH$b00$c20090520$lBLL01$h0141
=CAT  \\$aBATCH$b00$c20091208$lBLL01$h0311
=CAT  \\$aWR14_140$c20140905$lBLL01$h1724
=CAT  \\$a11205$b40$c20211104$lBLL01$h1509
=CAT  \\$a11205$b40$c20211104$lBLL01$h1533
=CAT  \\$a10973$b40$c20211112$lBLL01$h1556
=FIN  \\$aY$d20050526
=FMT  \\$a  SE
=LAS  \\$a10973$b40$c20211112$lBLL01$h1556
=SRC  \\$aDSS04$bbibld.200404.2.aa
=TCO  \\$aCLA$bCLA$c008

