=LDR  01651 as a2200541 a 4500
=001  007893077
=003  Uk
=005  20121210110830.0
=007  ta
=008  040417d2004200uenkar\p\\\\\\\0\\\a0eng\\
=015  \\$aGBA549555$2bnb
=040  \\$aUk$beng$cUk
=042  \\$aukblsr
=082  04$a919.69$222
=245  00$aHawaii.
=246  14$aLet's go travel guide ... Hawaii
=246  13$aLet's go: Hawaii
=246  18$aLet's go Hawaii
=260  \\$aLondon :$bMacmillan,$c2004-
=300  \\$av. :$bports., maps ;$c20 cm.
=310  \\$aAnnual
=336  \\$atext$2rdacontent
=337  \\$aunmediated$2rdamedia
=338  \\$avolume$2rdacarrier
=362  0\$a2004-
=362  1\$aCeased in 2005?
=490  0\$aLet's go
=651  \0$aHawaii$vGuidebooks.
=780  01$tLet's go$bCalifornia
=852  41$aBritish Library$bHMNTS$jZK.9.a.9050
=985  \\$aNot the same as ISSN 1543-4966 - Agreed ISSN UK.
=A02  \\$a3023263$z0
=CAT  \\$aCONV$b00$c20040425$lBLL90$h0713
=CAT  \\$a11439$b40$c20050329$lBLL01$h1208
=CAT  \\$a11439$b40$c20050329$lBLL01$h1259
=CAT  \\$a11439$b40$c20050329$lBLL01$h1300
=CAT  \\$a11439$b40$c20050329$lBLL01$h1303
=CAT  \\$a11439$b40$c20050329$lBLL01$h1313
=CAT  \\$a11439$b40$c20050609$lBLL01$h1324
=CAT  \\$aBATCH$b00$c20091208$lBLL01$h0313
=CAT  \\$a7778$b40$c20121210$lBLL01$h1107
=CAT  \\$a7778$b40$c20121210$lBLL01$h1108
=FIN  \\$aY$d20050609
=FMT  \\$a  SE
=LAS  \\$a7778$b40$c20121210$lBLL01$h1108
=LKR  \\$aPAR$b008571125$lBLL01$r78001$mHawaii.$nlet's go. California
=SRC  \\$aDSS04$bbibld.200404.2.aa
=TCO  \\$aCLA$bCLA$c008

