=LDR  06184cas a2201321 a 4500
=001  007893168
=003  Uk
=005  20211231171210.0
=006  aa\\\|||||||||||||
=007  ta
=008  940314c19899999it\br\p\\\\\\\0\\\a0eng\\
=015  \\$aGB9427110$2bnb
=019  y\$ab9427110
=019  9\$ab9427110
=019  1\$ab9427110
=022  0\$a1353-3290
=039  0\$a2284
=040  \\$aUk$beng$cUk$dUk
=042  \\$aukblsr
=082  04$a617.752$220
=210  0\$a20/20 Eur.
=222  \0$a20/20 Europe
=245  00$a20/20 Europe.
=246  3\$aTwenty/twenty Europe
=260  \\$aRichmond :$bJobson Publishing
=260  3\$aCanelli, Italy ;$bFabiano Group srl ;$a[Great Britain :$bJobson [distributor]]
=300  \\$av. :$bill. (some col.), ports. (some col.) ;$c30 cm.
=310  \\$aFive issues yearly,$b<2011->
=336  \\$atext$2rdacontent
=337  \\$aunmediated$2rdamedia
=338  \\$avolume$2rdacarrier
=362  1\$aBegan in 1989?
=500  \\$a"International eye fashion."
=500  \\$a"A Jobson publication", Jan. 2011.
=515  \\$aFrequency varies: 7-9 issues annually, <-2011>.
=540  \\$aCurrent Copyright Fee: GBP0.73$c0$5Uk
=588  \\$aLatest issue consulted: Jan. 2011.
=650  \0$aOpticianry$xEquipment and supplies$zEurope$vPeriodicals.
=653  1\$aOphthalmology
=770  0\$iHas supplement:$tEuropean contact lenses and technology
=852  41$aBritish Library$bHMNTS$jZK.9.d.925$3Vol. 6, no. 2 (Mar. 1994)-Jan./Feb. (2007), Jan. 2011-(Jan. 2015)
=985  \\$aISSN: title currently pub in Italy but ISSN not transferred; 008 updated, 022{dollar}02 & 042{dollar}aissnuk removed; any questions, please refer to ISSNUK Centre - JG, Mar. 2011
=ACF  \\$aPrevious Copyright Fee: GBP12.00$c0$e01-apr-2012$fGBP12.00$g0$hC$5Uk
=ACF  \\$aPrevious Copyright Fee: GBP12.00$c0$e01-jan-2012$fGBP12.00$g0$hC$5Uk
=ACF  \\$aPrevious Copyright Fee: GBP10.50$c0$e01-oct-2011$fGBP10.50$g0$hC$5Uk
=ACF  \\$aPrevious Copyright Fee: GBP10.50$c0$e01-jul-2011$fGBP10.50$g0$hC$5Uk
=ACF  \\$aPrevious Copyright Fee: GBP10.50$c0$e01-apr-2011$fGBP10.50$g0$hC$5Uk
=ACF  \\$aPrevious Copyright Fee: GBP10.50$c0$e01-jan-2011$fGBP10.50$g0$hC$5Uk
=ACF  \\$aPrevious Copyright Fee: GBP9.00$c0$e01-oct-2010$fGBP9.00$g0$hC$5Uk
=ACF  \\$aPrevious Copyright Fee: GBP9.00$c0$e01-jul-2010$fGBP9.00$g0$hC$5Uk
=ACF  \\$aPrevious Copyright Fee: GBP9.00$c0$e01-apr-2010$fGBP9.00$g0$hC$5Uk
=ACF  \\$aPrevious Copyright Fee: GBP9.00$c0$e01-Jan-2010$fGBP9.00$g0$hC$5Uk
=ACF  \\$aPrevious Copyright Fee: GBP6.00$c0$e01-oct-2009$fGBP6.00$g0$hC$5Uk
=ACF  \\$aPrevious Copyright Fee: GBP0.71$c0$e01-jul-2009$fGBP0.71$g0$hC$5Uk
=ACF  \\$aPrevious Copyright Fee: GBP0.71$c0$e01-apr-2009$fGBP0.71$g0$hC$5Uk
=ACF  \\$aPrevious Copyright Fee: GBP0.63$c0$e01-jan-2009$fGBP0.63$g0$hC$5Uk
=ACF  \\$aPrevious Copyright Fee: GBP0.50$c0$e01-oct-2008$fGBP0.50$g0$hC$5Uk
=ACF  \\$aPrevious Copyright Fee: GBP0.50$c0$e01-jul-2008$fGBP0.50$g0$hC$5Uk
=ACF  \\$aPrevious Copyright Fee: GBP0.50$c0$e01-apr-2008$fGBP0.50$g0$hC$5Uk
=ACF  \\$aPrevious Copyright Fee: GBP0.50$c0$e01-jan-2008$fGBP0.50$g0$hC$5Uk
=ACF  \\$aPrevious Copyright Fee: GBP12.00$c0$e01-jul-2012$fGBP12.00$g0$hC$5Uk
=ACF  \\$aPrevious Copyright Fee: GBP12.00$c0$e01-oct-2012$fGBP12.00$g0$hC$5Uk
=ACF  \\$aPrevious Copyright Fee: GBP12.30$c0$e01-jan-2014$fGBP12.30$g0$hC$5Uk
=ACF  \\$aPrevious Copyright Fee: GBP0.74$c0$e01-oct-2016$fGBP0.74$g0$hC$5Uk
=ACF  \\$aPrevious Copyright Fee: GBP0.80$c0$e01-apr-2017$fGBP0.80$g0$hC$5Uk
=ACF  \\$aPrevious Copyright Fee: GBP0.76$c0$e01-oct-2017$fGBP0.76$g0$hC$5Uk
=ACF  \\$aPrevious Copyright Fee: GBP0.77$c0$e01-jan-2018$fGBP0.77$g0$hC$5Uk
=ACF  \\$aPrevious Copyright Fee: GBP0.71$c0$e01-apr-2018$fGBP0.71$g0$hC$5Uk
=ACF  \\$aPrevious Copyright Fee: GBP0.77$c0$e01-oct-2018$fGBP0.77$g0$hC$5Uk
=ACF  \\$aPrevious Copyright Fee: GBP0.80$c0$e01-oct-2019$fGBP0.80$g0$hC$5Uk
=ACF  \\$aPrevious Copyright Fee: GBP0.77$c0$e01-apr-2020$fGBP0.77$g0$hC$5Uk
=ACF  \\$aPrevious Copyright Fee: GBP0.80$c0$e01-jul-2020$fGBP0.80$g0$hC$5Uk
=ACF  \\$aPrevious Copyright Fee: GBP0.74$c0$e01-apr-2021$fGBP0.74$g0$hC$5Uk
=ACF  \\$aPrevious Copyright Fee: GBP0.72$c0$e01-jul-2021$fGBP0.72$g0$hC$5Uk
=CAT  \\$aWR09-126
=CAT  \\$aIPL-CLA$c20160930$lBLL01$h1545
=CAT  \\$aBATCH-CLA$b00$c20170228$lBLL01$h1630
=CAT  \\$aIPL-CLA$c20170331$lBLL01$h1828
=CAT  \\$aBATCH-CLA$b00$c20170831$lBLL01$h1631
=CAT  \\$aIPL-CLA$c20170929$lBLL01$h1711
=CAT  \\$aBATCH-CLA$b00$c20171130$lBLL01$h1659
=CAT  \\$aIPL-CLA$c20171231$lBLL01$h1359
=CAT  \\$aBATCH-CLA$b00$c20180228$lBLL01$h1645
=CAT  \\$aIPL-CLA$c20180331$lBLL01$h1559
=CAT  \\$aBATCH-CLA$b00$c20180831$lBLL01$h1624
=CAT  \\$aIPL-CLA$c20180930$lBLL01$h1451
=CAT  \\$aBATCH-CLA$b00$c20190909$lBLL01$h1717
=CAT  \\$aIPL-CLA$c20190930$lBLL01$h1628
=CAT  \\$aBATCH-CLA$b00$c20200228$lBLL01$h1637
=CAT  \\$aIPL-CLA$c20200331$lBLL01$h1604
=CAT  \\$aBATCH-CLA$b00$c20200529$lBLL01$h1533
=CAT  \\$aIPL-CLA$c20200701$lBLL01$h0045
=CAT  \\$aBATCH-CLA$b00$c20210227$lBLL01$h1012
=CAT  \\$aIPL-CLA$c20210331$lBLL01$h1833
=CAT  \\$aBATCH-CLA$b00$c20210528$lBLL01$h1526
=CAT  \\$aIPL-CLA$c20210704$lBLL01$h1112
=CAT  \\$aBATCH-CLA$b00$c20210917$lBLL01$h1604
=CAT  \\$aIPL-CLA$c20210930$lBLL01$h1645
=CAT  \\$aBATCH-CLA$b00$c20211203$lBLL01$h0816
=CAT  \\$aIPL-CLA$c20211231$lBLL01$h1712
=CFI  0\$aCurrent Copyright Fee: GBP0.73$c0$e01-jan-2022$fGBP0.73$g0$hC$5Uk
=CFI  2\$aPrevious Copyright Fee: GBP0.71$c0$e01-oct-2021$fGBP0.71$g0$hC$5Uk
=FIN  \\$aY
=FMT  \\$a  SE
=LAS  \\$aIPL-CLA$b00$c20211231$lBLL01$h1712
=LEO  \\$aMP5.0000817148
=LEO  \\$aMP13.0000325367
=LEO  \\$aMP22.0000043116
=SRC  \\$aBNB03$bbibmp5.200404.2.ab
=SRC  \\$aHSS01$bbibmp13.200404.2.aa
=SRC  \\$aISN01$bbibmp22.200404.2.aa
=SRC  \\$aDSS04$bbibld.200404.2.aa
=TCO  \\$aITA$bAIDRO / SIAE$c008

