=LDR  03951cas a2200901 a 4500
=001  007896264
=003  Uk
=005  20221231184035.0
=007  ta
=008  050517d19uu2009enkar\\\\\\\\\0\\\a0eng\\
=019  c\$a3003576
=040  \\$aUk$beng$cUk$dUk
=042  \\$aukblsr
=082  04$a625.705$222
=110  2\$aInstitution of Highways and Transportation (Great Britain)
=245  10$aAnnual review for the session ...
=246  13$aIHT annual review
=260  \\$aLondon :$bInstitution of Highways & Transportation,$c-2009.
=300  \\$av. :$bill. (some col.), col. ports. ;$c30 cm.
=310  \\$aAnnual
=336  \\$atext$2rdacontent
=337  \\$aunmediated$2rdamedia
=338  \\$avolume$2rdacarrier
=362  1\$aCeased in 2009.
=500  \\$aDescription based on: July 2003/June 2004 issue.
=540  \\$aCurrent Copyright Fee: GBP25.00$c0$5Uk
=595  \\$aSEE CARD INDEX.
=610  20$aInstitution of Highways and Transportation (Great Britain)$vPeriodicals.
=610  20$aInstitution of Highways and Transportation (Great Britain)$xFinance$vPeriodicals.
=785  00$aChartered Institution of Highways & Transportation (Great Britain).$tAnnual review
=852  41$aBritish Library$bHMNTS$jZK.9.b.19951
=945  \\$aIHT ANNUAL REVIEW.
=979  \\$aBritish Library$bDSC$j4363.588000N
=985  \\$aRecord originally contained 222 0 {dollar}a Annual review {dollar}b (Institution of Highways and Transportation), but no 022 field. Unable to trace ISSN, so 222 removed from record.
=ACF  \\$aPrevious copyright fee: GBP9.00$c0$e01-apr-2010$fGBP9.00$g0$hA$5Uk
=ACF  \\$aPrevious copyright fee: GBP6.00$c0$e01-apr-2008$fGBP6.00$g0$hA$5Uk
=ACF  \\$aPrevious copyright fee: GBP5.00$c0$e26-jul-2002$fGBP5.00$g0$hA$5Uk
=ACF  \\$aPrevious copyright fee: GBP10.50$c0$e01-jan-2011$fGBP10.50$g0$hA$5Uk
=ACF  \\$aPrevious copyright fee: GBP12.00$c0$e01-jan-2012$fGBP12.00$g0$hA$5Uk
=ACF  \\$aPrevious Copyright Fee: GBP12.30$c0$e01-jan-2014$fGBP12.30$g0$hA$5Uk
=ACF  \\$aPrevious Copyright Fee: GBP15.00$c0$e01-jan-2017$fGBP15.00$g0$hA$5Uk
=ACF  \\$aPrevious Copyright Fee: GBP17.50$c0$e01-jan-2018$fGBP17.50$g0$hA$5Uk
=ACF  \\$aPrevious Copyright Fee: GBP20.00$c0$e01-jan-2020$fGBP20.00$g0$hA$5Uk
=CAT  \\$aCONV$b00$c20040425$lBLL90$h0713
=CAT  \\$aBATCH-UPD$b00$c20100401$lBLL01$h0041
=CAT  \\$aBATCH$b00$c20100401$lBLL01$h0351
=CAT  \\$aBATCH$b00$c20100401$lBLL01$h1355
=CAT  \\$a11205$b40$c20100714$lBLL01$h1533
=CAT  \\$a11205$b40$c20100723$lBLL01$h1400
=CAT  \\$aBATCH-UPD$b40$c20101124$lBLL01$h1743
=CAT  \\$aBATCH-UPD$b40$c20101125$lBLL01$h1006
=CAT  \\$aIPL-CLA$c20101231$lBLL01$h1216
=CAT  \\$aWR11_203$c20111204$lBLL01$h1307
=CAT  \\$aIPL-CLA$c20111230$lBLL01$h1719
=CAT  \\$aBATCH-CLA$b00$c20121104$lBLL01$h1039
=CAT  \\$aWR13.005$c20130329$lBLL01$h1251
=CAT  \\$aBATCH-CLA$c20131217$lBLL01$h0129
=CAT  \\$aIPL-CLA$c20131231$lBLL01$h1910
=CAT  \\$aBATCH-CLA$b00$c20161222$lBLL01$h1702
=CAT  \\$aIPL-CLA$c20161230$lBLL01$h1823
=CAT  \\$aBATCH-CLA$b00$c20171222$lBLL01$h1958
=CAT  \\$aIPL-CLA$c20171231$lBLL01$h1359
=CAT  \\$aBATCH-CLA$b00$c20191219$lBLL01$h1627
=CAT  \\$aIPL-CLA$c20191231$lBLL01$h1728
=CAT  \\$aR2001-1524$c20200127$lBLL01$h1926
=CAT  \\$aBATCH-CLA$b00$c20201204$lBLL01$h1423
=CAT  \\$aIPL-CLA$c20201231$lBLL01$h1925
=CAT  \\$aBATCH-CLA$b00$c20221221$lBLL01$h1727
=CAT  \\$aIPL-CLA$c20221231$lBLL01$h1840
=CFI  0\$aCurrent Copyright Fee: GBP25.00$c0$e01-jan-2023$fGBP25.00$g0$hA$5Uk
=CFI  2\$aPrevious Copyright Fee: GBP22.50$c0$e01-jan-2021$fGBP22.50$g0$hA$5Uk
=FIN  \\$aY$d20050727
=FMT  \\$a  SE
=LAS  \\$aIPL-CLA$b00$c20221231$lBLL01$h1840
=LEO  \\$aMP10.0000276995
=SRC  \\$aDSS01$bbibmp10.200404.2.aa
=SRC  \\$aDSS04$bbibld.200404.2.aa
=TCO  \\$aCLA$bCLA$c008

