=LDR  04473cai a2201093 a 4500
=001  007920997
=003  Uk
=005  20230210004525.0
=007  td
=008  990105c199u9999enk\x\l\\f\\\\0\\\a2eng\\
=015  \\$aGB9904520$2bnb
=019  y\$ab9904520
=019  9\$ab9904520
=019  1\$ab9904520
=020  \\$cNo price (loose-leaf)
=022  0\$a1743-0488
=039  0\$a2524
=040  \\$aUk$beng$cUk$dUk
=042  \\$aukblsr
=082  04$a336.240941$221
=222  \0$aUK income tax service
=245  00$aUK income tax service.
=246  13$aStubbs UK income tax service
=247  10$aStubbs securities taxation.$pUK income tax service$f-2004
=247  10$aStubbs securities taxation.$pIncome tax service
=260  \\$aLondon :$bFinancial Times Information
=260  2\$aLondon :$bFT Interactive Data
=264  31$aLondon :$bInteractive Data (Europe) Limited
=300  \\$av. (loose-leaf) ;$c32 cm.
=336  \\$atext$2rdacontent
=337  \\$aunmediated$2rdamedia
=338  \\$avolume$2rdacarrier
=500  \\$aSubtitle varies on binder.
=500  \\$aDescription based on: update to 31st Dec. 2007.
=540  \\$aCurrent Copyright Fee: GBP25.00$c0$5Uk
=588  \\$aLatest issue consulted: 30 June 2015/2016 update.
=650  \0$aIncome tax$zGreat Britain$vHandbooks, manuals, etc.
=690  7\$aManagement and Business Studies$2blcoll
=710  2\$aFinancial Times Information (Firm)
=710  2\$aFT Interactive Data (Organization)
=710  2\$aInteractive Data (Europe) Limited.
=760  0\$tStubbs securities taxation
=780  00$tSecurities taxation. '... UK dividends and share issues' income tax service$x1358-538X
=852  41$aBritish Library$bHMNTS$jZC.9.d.475
=985  \\$aINTEGRATING RESOURCE RECORD, DO NOT MERGE WITH ISSN RECORD ON:
=ACF  \\$aPrevious Copyright Fee: GBP5.00$c0$e01-jul-2007$fGBP5.00$g0$hC$5Uk
=ACF  \\$aPrevious Copyright Fee: GBP5.00$c0$e01-oct-2004$fGBP5.00$g0$hC$5Uk
=ACF  \\$aPrevious copyright fee: GBP10.50$c0$e01-jan-2011$fGBP10.50$g0$hA$5Uk
=ACF  \\$aPrevious Copyright Fee: GBP12.00$c0$e01-oct-2012$fGBP12.00$g0$hC$5Uk
=ACF  \\$aPrevious copyright fee: GBP12.00$c0$e01-jan-2012$fGBP12.00$g0$hA$5Uk
=ACF  \\$aPrevious Copyright Fee: GBP12.30$c0$e01-jan-2014$fGBP12.30$g0$hA$5Uk
=ACF  \\$aPrevious Copyright Fee: GBP15.00$c0$e01-jan-2017$fGBP15.00$g0$hC$5Uk
=ACF  \\$aPrevious Copyright Fee: GBP17.50$c0$e01-jan-2018$fGBP17.50$g0$hC$5Uk
=ACF  \\$aPrevious Copyright Fee: GBP20.00$c0$e01-jan-2020$fGBP20.00$g0$hC$5Uk
=ACF  \\$aPrevious Copyright Fee: GBP22.50$c0$e01-jan-2021$fGBP22.50$g0$hC$5Uk
=CAT  \\$aCONV$b00$c20040425$lBLL90$h0727
=CAT  \\$aBATCH$b00$c20090520$lBLL01$h0142
=CAT  \\$aBATCH$b00$c20091208$lBLL01$h0318
=CAT  \\$aBATCH-UPD$b00$c20101201$lBLL01$h1214
=CAT  \\$aIPL-CLA$c20101231$lBLL01$h1216
=CAT  \\$aWR11_203$c20111204$lBLL01$h1308
=CAT  \\$aIPL-CLA$c20111230$lBLL01$h1720
=CAT  \\$aBATCH-CLA$b00$c20121104$lBLL01$h1038
=CAT  \\$aBATCH-CLA$c20131217$lBLL01$h0129
=CAT  \\$aIPL-CLA$c20131231$lBLL01$h1911
=CAT  \\$a11205$b40$c20140916$lBLL01$h1603
=CAT  \\$a11205$b40$c20140916$lBLL01$h1604
=CAT  \\$a8124$b40$c20160630$lBLL01$h1454
=CAT  \\$a8124$b40$c20160922$lBLL01$h1217
=CAT  \\$aBATCH-CLA$b00$c20161130$lBLL01$h1647
=CAT  \\$aIPL-CLA$c20161230$lBLL01$h1824
=CAT  \\$aBATCH-CLA$b00$c20171130$lBLL01$h1715
=CAT  \\$aIPL-CLA$c20171231$lBLL01$h1359
=CAT  \\$aBATCH-CLA$b00$c20191129$lBLL01$h1629
=CAT  \\$aIPL-CLA$c20191231$lBLL01$h1729
=CAT  \\$aBATCH-CLA$b00$c20201126$lBLL01$h1419
=CAT  \\$aIPL-CLA$c20201231$lBLL01$h1926
=CAT  \\$aBATCH-CLA$b00$c20221130$lBLL01$h1457
=CAT  \\$aIPL-CLA$c20221231$lBLL01$h1840
=CAT  \\$aBATCH-CLA$b00$c20230209$lBLL01$h1543
=CAT  \\$aIPL-CLA$c20230210$lBLL01$h0045
=CFI  0\$aCurrent Copyright Fee: GBP25.00$c0$e09-feb-2023$fGBP25.00$g0$hC$5Uk
=CFI  2\$aBritish Library not licensed to copy$c0$e01-jan-2023$hC$iCFP Excluded$5Uk
=FIN  \\$aY
=FMT  \\$a  SE
=LAS  \\$aIPL-CLA$b00$c20230210$lBLL01$h0045
=LEO  \\$aMP22.0000071964
=LEO  \\$aMP5.0001505444
=LEO  \\$aMP13.0000346695
=SRC  \\$aISN01$bbibmp22.200404.2.aa
=SRC  \\$aDSS04$bbibld.200404.2.aa
=SRC  \\$aBNB03$bbibmp5.200404.2.ac
=SRC  \\$aHSS01$bbibmp13.200404.2.aa
=TCO  \\$aCLA$bCLA$c008

