=LDR  07408cas a2201489 a 4500
=001  008221396
=003  Uk
=005  20221231143433.0
=007  ta
=008  900522d19892010gw\qr\p\\\\\\\0\\\b0ger\\
=019  c\$a2417438
=019  0\$as566998009
=022  0\$a0934-3504
=040  \\$aUk$cUk$dUk
=041  0\$ager$beng
=082  04$a363.73$221
=084  \\$aSL 00$2blsrissc
=084  \\$aCE 65$2blsrissc
=245  00$aUmweltwissenschaften und Schadstoff-Forschung.
=246  17$aUWSF-Z Umweltchem. Ökotox
=260  \\$aLandsberg :$bEcomed,$c1989-
=260  3\$3<2008>-$aHeidelberg :$bSpringer
=300  \\$av. :$bill. ;$c28 cm.
=310  \\$aBi-monthly
=336  \\$atext$2rdacontent
=337  \\$aunmediated$2rdamedia
=338  \\$avolume$2rdacarrier
=362  0\$a1 (1) (März 1989)-
=362  1\$aCeased with v. 22, no. 6 (Dec. 2010).
=515  \\$aIssues for Mar. 1989- have also whole numbering.
=540  \\$aCurrent copyright fee: GBP29.95$c22\1$5Uk
=546  \\$aArticles in German; summaries in English and German.
=550  \\$aBeginning <Sept. 1990- > issued also as the organ of: Arbeitsgemeinschaft Umweltchemie und Ökotoxikologie der Chemischen Gesellschaft; and Verband Deutscher Geoökologen.
=580  \\$aMerged with the online version to form: Environmental sciences Europe.
=580  \\$aAvailable 1994- in English: Environmental science and pollution research international.
=595  \\$aSee also Card Index.
=650  \0$aPollutants$xEnvironmental aspects$vPeriodicals.
=650  \0$aPollutions$xEnvironmental aspects$vPeriodicals.
=650  \0$aEnvironmental protection$vPeriodicals.
=710  2\$aGesellschaft Deutscher Chemiker.$bArbeitsgemeinschaft Umweltchemie und Ökotoxikologie.
=710  2\$aChemische Gesellschaft der Deutschen Demokratischen Republik.$bArbeitsgemeinschaft Umweltchemie und Ökotoxikologie.
=710  2\$aVerband Deutscher Geoökologen.
=775  1\$tEnvironmental science and pollution research international$x0944-1344
=776  0\$tUmweltwissenschaften und Schadstoff-Forschung (Online)
=785  17$tUmweltwissenschaften und Schadstoff-Forschung$x1865-5084
=785  17$tEnvironmental sciences Europe$x2190-4715
=852  41$aBritish Library$bDSC$j9083.563100$3Bd. 1, nr. 4 (1989)-bd. 22, nr. 6 (2010)
=852  71$aBritish Library$bSTI$k(P)$hSL 00$m-G(11)$2blsrissc$3Bd. 1, nr. 4 (1989)-bd. 22, nr. 6 (20100
=856  \\$31850-9999$uhttp://www.springer.com/gb/$xBLDSS
=945  \\$aUmweltwissenschaften und Schadstoff Forschung
=959  \\$fHeld but not currently received
=985  \\$amerger of print and online info from ISSN record.
=A02  \\$a2417438
=ACF  \\$aPrevious copyright fee: GBP21.25$c22\3$e01-jan-2009$fGBP21.25$g0$hP$5Uk
=ACF  \\$aPrevious Copyright Fee: GBP16.75$c22\3$e07-apr-2008$fGBP16.75$g0$hP$5Uk
=ACF  \\$aPrevious Copyright Fee: GBP6.00$c0$e01-apr-2008$fGBP6.00$g0$hC$5Uk
=ACF  \\$aPrevious Copyright Fee: GBP6.00$c0$e01-jan-2008$fGBP6.00$g0$hC$5Uk
=ACF  \\$aPrevious Copyright Fee: GBP6.00$c0$e01-oct-2007$fGBP6.00$g0$hC$5Uk
=ACF  \\$aPrevious Copyright Fee: GBP6.00$c0$e01-jul-2007$fGBP6.00$g0$hC$5Uk
=ACF  \\$aPrevious Copyright Fee: GBP6.15$c0$e01-apr-2007$fGBP6.15$g0$hC$5Uk
=ACF  \\$aPrevious Copyright Fee: GBP6.49$c0$e01-jan-2007$fGBP6.49$g0$hC$5Uk
=ACF  \\$aPrevious Copyright Fee: GBP6.49$c0$e01-oct-2006$fGBP6.49$g0$hC$5Uk
=ACF  \\$aPrevious Copyright Fee: GBP6.86$c0$e01-jul-2006$fGBP6.86$g0$hC$5Uk
=ACF  \\$aPrevious Copyright Fee: GBP4.57$c0$e01-apr-2006$fGBP4.57$g0$hC$5Uk
=ACF  \\$aPrevious Copyright Fee: GBP4.44$c0$e01-jan-2006$fGBP4.44$g0$hC$5Uk
=ACF  \\$aPrevious Copyright Fee: GBP4.32$c0$e01-oct-2005$fGBP4.32$g0$hC$5Uk
=ACF  \\$aPrevious Copyright Fee: GBP4.32$c0$e01-jul-2005$fGBP4.32$g0$hC$5Uk
=ACF  \\$aPrevious Copyright Fee: GBP4.32$c0$e01-apr-2005$fGBP4.32$g0$hC$5Uk
=ACF  \\$aPrevious Copyright Fee: GBP4.44$c0$e01-jan-2005$fGBP4.44$g0$hC$5Uk
=ACF  \\$aPrevious Copyright Fee: GBP4.32$c0$e01-oct-2004$fGBP4.32$g0$hC$5Uk
=ACF  \\$aPrevious copyright fee: GBP4.32$c0$e01-apr-2004$fGBP4.32$g0$hC$5Uk
=ACF  \\$aCurrent copyright fee: GBP4.71$c0$e01-jan-2004$fGBP4.71$g0$hC$5Uk
=ACF  \\$aCurrent copyright fee: GBP5.00$c0$e01-jan-2003$fGBP5.00$g0$hC$5Uk
=ACF  \\$aPrevious copyright fee: GBP22.00$c22\3$e01-apr-2009$fGBP22.00$g0$hP$5Uk
=ACF  \\$aPrevious copyright fee: GBP22.00$c22\3$e12-aug-2012$fGBP22.00$g0$hP$5Uk
=ACF  \\$aPrevious copyright fee: GBP25.00$c22\3$e01-jan-2013$fGBP25.00$g0$hP$5Uk
=ACF  \\$aPrevious copyright fee: GBP25.77$c22\3$e01-jul-2013$fGBP25.77$g0$hP$5Uk
=ACF  \\$aPrevious copyright fee: GBP24.97$c22\3$e01-jan-2014$fGBP24.97$g0$hP$5Uk
=ACF  \\$aPrevious copyright fee: GBP24.21$c22\3$e01-jul-2014$fGBP24.21$g0$hP$5Uk
=ACF  \\$aPrevious copyright fee: GBP25.77$c22\3$e01-apr-2015$fGBP25.77$g0$hP$5Uk
=ACF  \\$aPrevious copyright fee: GBP26.63$c22\3$e01-jul-2015$fGBP26.63$g0$hP$5Uk
=ACF  \\$aPrevious copyright fee: GBP25.77$c22\3$e01-oct-2015$fGBP25.77$g0$hP$5Uk
=ACF  \\$aPrevious copyright fee: GBP27.55$c22\3$e01-apr-2016$fGBP27.55$g0$hP$5Uk
=ACF  \\$aPrevious copyright fee: GBP29.59$c22\3$e01-oct-2016$fGBP29.59$g0$hP$5Uk
=ACF  \\$aPrevious copyright fee: GBP31.96$c22\3$e01-apr-2017$fGBP31.96$g0$hP$5Uk
=ACF  \\$aPrevious copyright fee: GBP30.73$c22\3$e01-oct-2017$fGBP30.73$g0$hP$5Uk
=ACF  \\$aPrevious copyright fee: GBP28.54$c22\3$e01-apr-2018$fGBP28.54$g0$hP$5Uk
=CAT  \\$aCONV$b00$c20040425$lBLL90$h0857
=CAT  \\$aBATCH-CLA$c20140528$lBLL01$h1725
=CAT  \\$aIPL-CLA$c20140630$lBLL01$h1658
=CAT  \\$aBLDSS-3PM$b00$c20150103$lBLL01$h1041
=CAT  \\$aBATCH-UPD$b00$c20150219$lBLL01$h1741
=CAT  \\$aIPL-CLA$c20150331$lBLL01$h1617
=CAT  \\$aBATCH-UPD$b00$c20150520$lBLL01$h1749
=CAT  \\$aIPL-CLA$c20150630$lBLL01$h1633
=CAT  \\$aBATCH-UPD$b00$c20150820$lBLL01$h1836
=CAT  \\$aIPL-CLA$c20150930$lBLL01$h1744
=CAT  \\$aBATCH-UPD$b00$c20160217$lBLL01$h1726
=CAT  \\$aIPL-CLA$c20160331$lBLL01$h1701
=CAT  \\$aBATCH-UPD$b00$c20160524$lBLL01$h2207
=CAT  \\$aBATCH-UPD$b00$c20160524$lBLL01$h2351
=CAT  \\$aBATCH-UPD$b00$c20160824$lBLL01$h1753
=CAT  \\$aIPL-CLA$c20160930$lBLL01$h1545
=CAT  \\$aBATCH-UPD$b00$c20170216$lBLL01$h1841
=CAT  \\$aIPL-CLA$c20170331$lBLL01$h1829
=CAT  \\$aBATCH-UPD$b00$c20170904$lBLL01$h1850
=CAT  \\$aIPL-CLA$c20170929$lBLL01$h1711
=CAT  \\$aBATCH-UPD$b00$c20180223$lBLL01$h1716
=CAT  \\$aIPL-CLA$c20180331$lBLL01$h1559
=CAT  \\$aBATCH-UPD$b00$c20180524$lBLL01$h1713
=CAT  \\$aIPL-CLA$c20180630$lBLL01$h1908
=CAT  \\$aBATCH-UPD$b00$c20221121$lBLL01$h1357
=CAT  \\$aIPL-CLA$c20221231$lBLL01$h1434
=CFI  0\$aCurrent copyright fee: GBP29.95$c22\1$e01-jan-2023$fGBP29.95$g0$hP$5Uk
=CFI  2\$aPrevious copyright fee: GBP34.00$c22\1$e01-jul-2018$fGBP34.00$g0$hP$5Uk
=EST  \\$a2
=FFP  \\$aY$bBLDSS-3PM
=FIN  \\$aY
=FMT  \\$a  SE
=LAS  \\$aIPL-CLA$b00$c20221231$lBLL01$h1434
=LEO  \\$aMP10.0000590726
=LEO  \\$aMP25.0000257741
=SRC  \\$aDSS01$bbibmp10.200404.2.aa
=SRC  \\$aSRI01$bbibmp25.200404.2.aa
=TCO  \\$aDEU$bVG WORT$c008
=TOC  \\$aETOC
=UNO  \\$aY

