=LDR  05441cas a2201273 a 4500
=001  008524491
=003  Uk
=005  20230930080210.0
=006  aa\\\|||||||||||||
=007  ta
=008  020911c20029999enkbr\p\\\\\\\0\\\a0eng\\
=015  \\$aGBA260533$2bnb
=019  c\$a3005876
=019  y\$abA260533
=019  9\$abA260533
=019  0\$as68029600x
=022  0\$a1474-0338
=039  0\$a2709
=040  \\$aUk$beng$cUk$dUk
=042  \\$aukblsr
=082  04$a615.704$221
=084  \\$aHE 25$2blsrissc
=084  \\$aHD 92$2blsrissc
=084  \\$aHD 80$2blsrissc
=210  0\$aExpert opin. drug saf.
=222  \0$aExpert opinion on drug safety
=245  00$aExpert opinion on drug safety.
=260  \\$aLondon :$bAshley,$c2002-
=260  2\$aLondon :$bInforma
=264  31$aLondon :$bTaylor & Francis
=300  \\$av. :$bill. ;$c28 cm.
=310  \\$aSix issues yearly
=336  \\$atext$2rdacontent
=337  \\$aunmediated$2rdamedia
=338  \\$avolume$2rdacarrier
=362  0\$aVol. 1, no. 1 (May 2002)-
=540  \\$aCurrent copyright fee: GBP73.00$c2\0$5Uk
=588  \\$aLatest issue consulted: Volume 14, issue 12 (December 2015).
=650  \0$aDrugs$xSide effects$vPeriodicals.
=650  \0$aDrugs$xToxicology$vPeriodicals.
=650  \0$aChemotherapy$vPeriodicals.
=776  0\$tExpert opinion on drug safety (Online)$x1744-764X
=852  41$aBritish Library$bDSC$j3842.002945$3Vol. 1, no. 1 (2002)-v. 10, no. 6 (2011)***UKRR Retained Title
=852  71$aBritish Library$bSTI$k(P)$hHE 25$m-E(10)$2blsrissc$3Vol. 1, no. 1 (2002)-v. 12, no. 6 (2013)***title now taken as electronic copy only
=856  \\$31850-9999$uhttp://informahealthcare.com$xBLDSS
=945  \\$aExpert opinion on drug safety
=959  \\$fHeld but not currently received
=985  \\$aCONFERENCE ANALYTIC RECORDS EXIST
=985  \\$aISSN UK Centre note: transferred to US Center 6.2.19. Multinational publisher.
=A02  \\$a3005876
=ACF  \\$aPrevious Copyright Fee: GBP43.00$c0$e01-apr-2009$fGBP43.00$g0$hC$5Uk
=ACF  \\$aPrevious Copyright Fee: GBP43.00$c0$e01-jan-2009$fGBP43.00$g0$hC$5Uk
=ACF  \\$aPrevious copyright fee: GBP43.00$c0$e25-nov-2008$fGBP43.00$g0$hC$5Uk
=ACF  \\$aBritish Library not licensed to copy$c0$e01-oct-2008$hC$iCLA Excluded$5Uk
=ACF  \\$aPrevious Copyright Fee: GBP43.00$c0$e01-jul-2008$fGBP43.00$g0$hC$5Uk
=ACF  \\$aPrevious Copyright Fee: GBP43.00$c0$e01-apr-2008$fGBP43.00$g0$hC$5Uk
=ACF  \\$aBritish Library not licensed to copy$c0$e29-nov-2007$hC$iCLA Excluded$5Uk
=ACF  \\$aCurrent Copyright Fee: GBP8.00$c0$e01-oct-2007$fGBP8.00$g0$hC$5Uk
=ACF  \\$aPrevious Copyright Fee: GBP5.00$c0$e01-jul-2007$fGBP5.00$g0$hC$5Uk
=ACF  \\$aBritish Library not licensed to copy$c0$e01-oct-2005$hC$iCLA Excluded$5Uk
=ACF  \\$aPrevious copyright fee: GBP5.00$c0$e26-may-2005$fGBP5.00$g0$hA$5Uk
=ACF  \\$aBritish Library not licensed to copy$c0$e24-mar-2003$g0$iCLA-excluded$5Uk
=ACF  \\$aCurrent copyright fee: GBP5.00$c0$e26-sep-2002$fGBP5.00$g0$hA$5Uk
=ACF  \\$aCurrent Copyright Fee: GBP43.00$c0$e01-jul-2009$fGBP43.00$g0$hC$5Uk
=ACF  \\$aPrevious copyright fee: GBP57.00$c45\0$e10-jul-2009$fGBP57.00$g0$hP$5Uk
=ACF  \\$aPrevious copyright fee: GBP59.00$c45\0$e01-jan-2017$fGBP59.00$g0$hP$5Uk
=ACF  \\$aPrevious copyright fee: GBP66.00$c45\0$e01-jan-2019$fGBP66.00$g0$hP$5Uk
=ACF  \\$aPrevious copyright fee: GBP69.00$c45\0$e01-jan-2020$fGBP69.00$g0$hP$5Uk
=ACF  \\$aPrevious copyright fee: GBP71.00$c45\0$e01-jan-2022$fGBP71.00$g0$hP$5Uk
=CAT  \\$aCONV$b00$c20040425$lBLL90$h0703
=CAT  \\$aCDS12-UPD$b40$c20111002$lBLL01$h2317
=CAT  \\$aBATCH-CLA$b00$c20121104$lBLL01$h1033
=CAT  \\$aBATCH-UPD$b00$c20121125$lBLL01$h1434
=CAT  \\$aWR12_168$c20121206$lBLL01$h1809
=CAT  \\$aWR14_140$c20140905$lBLL01$h1728
=CAT  \\$aBLDSS-3PM$b00$c20141121$lBLL01$h1801
=CAT  \\$a5552$b40$c20150209$lBLL01$h1145
=CAT  \\$a5552$b40$c20150209$lBLL01$h1154
=CAT  \\$a8124$b40$c20160107$lBLL01$h0802
=CAT  \\$aBATCH-UPD$b40$c20160524$lBLL01$h2148
=CAT  \\$aBATCH-UPD$b40$c20160524$lBLL01$h2154
=CAT  \\$a5552$b40$c20161005$lBLL01$h0849
=CAT  \\$aIPL-CLA$c20161230$lBLL01$h1831
=CAT  \\$a5552$b40$c20181213$lBLL01$h1421
=CAT  \\$aIPL-CLA$c20181231$lBLL01$h1533
=CAT  \\$a10973$b40$c20190128$lBLL01$h1156
=CAT  \\$a10973$b40$c20190206$lBLL01$h1122
=CAT  \\$a5552$b40$c20191120$lBLL01$h0831
=CAT  \\$aIPL-CLA$c20191231$lBLL01$h1734
=CAT  \\$aBATCH-UPD$b00$c20211119$lBLL01$h1518
=CAT  \\$aIPL-CLA$c20211231$lBLL01$h1536
=CAT  \\$aBATCH-UPD$b00$c20230518$lBLL01$h1420
=CAT  \\$aIPL-CLA$c20230518$lBLL01$h1500
=CAT  \\$aR2308-1440$c20230824$lBLL01$h0925
=CAT  \\$aIPL-CLA$c20230930$lBLL01$h0802
=CFI  0\$aCurrent copyright fee: GBP73.00$c2\0$e01-oct-2023$fGBP73.00$g0$hP$5Uk
=CFI  2\$aPrevious copyright fee: GBP73.00$c45\0$e18-may-2023$fGBP73.00$g0$hP$5Uk
=FFP  \\$aY$bBLDSS-3PM
=FIN  \\$aY
=FMT  \\$a  SE
=LAS  \\$aIPL-CLA$b00$c20230930$lBLL01$h0802
=LEO  \\$aMP5.0000014298
=LEO  \\$aMP25.0000358579
=LEO  \\$aMP10.0000222672
=SRC  \\$aBNB03$bbibmp5.200404.2.aa
=SRC  \\$aSRI01$bbibmp25.200404.2.aa
=SRC  \\$aDSS01$bbibmp10.200404.2.aa
=TCO  \\$aCLA$bCLA$c008
=TOC  \\$aETOC

