=LDR  06015cas a2201309 a 4500
=001  008533191
=003  Uk
=005  20230209233144.0
=007  ta
=008  760620d19592014dcuwr\p\\\\\\\0\\\a0eng\d
=010  \\$asn 78000824
=019  c\$a2071736
=022  0\$a0015-6337$l0015-6337$21
=032  \\$a985160$bUSPS
=035  \\$a(OCoLC)2256520$z(OCoLC)2446992
=040  \\$aMUL$cMUL$dCOO$dMUL$dNSD$dOCL$dRCS$dAIP$dNSD$dNST$dCOO$dNST$dOCL$dCUS$dNLM$dOCLCQ$dAGL$dUk
=042  \\$aukblsr
=050  \4$aTX545$b.F65
=060  00$aW1$bFO445
=070  0\$a389.8$bF7335
=072  \0$aQ500
=082  04$a664.0705$223
=210  0\$aFood chem. news
=222  \0$aFood chemical news
=245  00$aFood chemical news.
=260  \\$aWashington :$bFood Chemical News
=300  \\$av. ;$c28 cm.
=310  \\$aWeekly
=336  \\$atext$2rdacontent
=337  \\$aunmediated$2rdamedia
=338  \\$avolume$2rdacarrier
=362  0\$av. 1- Mar. 16, 1959-
=362  1\$aCeased with: Vol. 56, no. 11 (May 30, 2014).
=540  \\$aCurrent Copyright Fee: GBP25.00$c0$5Uk
=588  \\$aDescription based on: Vol. 1, no. 1 (Mar. 16, 1959); title from caption.
=588  \\$aLatest issue consulted: Vol. 52, no. 11 (May 24, 2010).
=650  \0$aFood$xAnalysis$vPeriodicals.
=650  \0$aFood additives$vPeriodicals.
=776  08$iContinued online:$tFood chemical news
=852  41$aBritish Library$bDSC$j3977.270000$3Vol. 15, no. 38 (1973)-v. 57, no. 11 (2014)
=945  \\$aFOOD CHEMICAL NEWS.
=959  \\$fHeld but not currently received
=985  \\$aCeased info taken from ISSN record.
=A02  \\$a2071736
=ACF  \\$aPrevious Copyright Fee: GBP21.43$c0$e01-jul-2009$fGBP21.43$g0$hC$5Uk
=ACF  \\$aPrevious Copyright Fee: GBP21.43$c0$e01-apr-2009$fGBP21.43$g0$hC$5Uk
=ACF  \\$aPrevious Copyright Fee: GBP18.75$c0$e01-jan-2009$fGBP18.75$g0$hC$5Uk
=ACF  \\$aPrevious Copyright Fee: GBP15.00$c0$e01-oct-2008$fGBP15.00$g0$hC$5Uk
=ACF  \\$aPrevious Copyright Fee: GBP15.00$c0$e01-jul-2008$fGBP15.00$g0$hC$5Uk
=ACF  \\$aPrevious Copyright Fee: GBP15.00$c0$e01-apr-2008$fGBP15.00$g0$hC$5Uk
=ACF  \\$aPrevious Copyright Fee: GBP10.00$c0$e01-jan-2008$fGBP10.00$g0$hC$5Uk
=ACF  \\$aPrevious Copyright Fee: GBP10.00$c0$e01-oct-2007$fGBP10.00$g0$hC$5Uk
=ACF  \\$aPrevious Copyright Fee: GBP10.00$c0$e01-jul-2007$fGBP10.00$g0$hC$5Uk
=ACF  \\$aPrevious Copyright Fee: GBP10.26$c0$e01-apr-2007$fGBP10.26$g0$hC$5Uk
=ACF  \\$aPrevious Copyright Fee: GBP10.81$c0$e01-jan-2007$fGBP10.81$g0$hC$5Uk
=ACF  \\$aPrevious Copyright Fee: GBP10.81$c0$e01-oct-2006$fGBP10.81$g0$hC$5Uk
=ACF  \\$aPrevious Copyright Fee: GBP11.43$c0$e01-jul-2006$fGBP11.43$g0$hC$5Uk
=ACF  \\$aPrevious Copyright Fee: GBP11.43$c0$e01-apr-2006$fGBP11.43$g0$hC$5Uk
=ACF  \\$aPrevious Copyright Fee: GBP11.11$c0$e01-jan-2006$fGBP11.11$g0$hC$5Uk
=ACF  \\$aPrevious Copyright Fee: GBP10.81$c0$e01-oct-2005$fGBP10.81$g0$hC$5Uk
=ACF  \\$aPrevious Copyright Fee: GBP10.81$c0$e01-jul-2005$fGBP10.81$g0$hC$5Uk
=ACF  \\$aPrevious Copyright Fee: GBP10.81$c0$e01-apr-2005$fGBP10.81$g0$hC$5Uk
=ACF  \\$aPrevious Copyright Fee: GBP11.11$c0$e01-jan-2005$fGBP11.11$g0$hC$5Uk
=ACF  \\$aPrevious Copyright Fee: GBP10.81$c0$e01-oct-2004$fGBP10.81$g0$hC$5Uk
=ACF  \\$aPrevious copyright fee: GBP10.81$c0$e01-apr-2004$fGBP10.81$g0$hC$5Uk
=ACF  \\$aCurrent copyright fee: GBP11.76$c0$e01-jan-2004$fGBP11.76$g0$hC$5Uk
=ACF  \\$aCurrent copyright fee: GBP12.50$c0$e01-jan-2003$fGBP12.50$g0$hC$5Uk
=ACF  \\$aPrevious copyright fee: GBP10.50$c0$e01-jan-2011$fGBP10.50$g0$hA$5Uk
=ACF  \\$aBritish Library not licensed to copy$c0$e07-sep-2011$hC$iTX$5Uk
=ACF  \\$aPrevious Copyright Fee: GBP12.00$c0$e01-jan-2013$fGBP12.00$g0$hC$5Uk
=ACF  \\$aPrevious Copyright Fee: GBP12.30$c0$e01-apr-2015$fGBP12.30$g0$hC$5Uk
=ACF  \\$aPrevious Copyright Fee: GBP15.00$c0$e01-jan-2017$fGBP15.00$g0$hC$5Uk
=ACF  \\$aPrevious Copyright Fee: GBP17.50$c0$e01-jan-2018$fGBP17.50$g0$hC$5Uk
=ACF  \\$aPrevious Copyright Fee: GBP20.00$c0$e01-jan-2020$fGBP20.00$g0$hC$5Uk
=ACF  \\$aPrevious Copyright Fee: GBP22.50$c0$e01-jan-2021$fGBP22.50$g0$hC$5Uk
=CAT  \\$aCONV$b00$c20040425$lBLL90$h0703
=CAT  \\$aIPL-CLA$c20101231$lBLL01$h1226
=CAT  \\$a10_149CORR$c20110119$lBLL01$h1355
=CAT  \\$a8201$b40$c20110629$lBLL01$h1422
=CAT  \\$aBATCH-UPD$b40$c20110907$lBLL01$h1758
=CAT  \\$aIPL-CLA$c20110908$lBLL01$h1713
=CAT  \\$aBATCH-CLA$b00$c20121104$lBLL01$h1031
=CAT  \\$aBATCH-CLA$b00$c20121130$lBLL01$h1242
=CAT  \\$aIPL-CLA$c20121231$lBLL01$h1247
=CAT  \\$aIPL-CLA$c20130102$lBLL01$h1649
=CAT  \\$aWR13.005$c20130323$lBLL01$h1325
=CAT  \\$a8335$b40$c20141126$lBLL01$h1356
=CAT  \\$aBATCH-CLA$b00$c20150227$lBLL01$h1623
=CAT  \\$aIPL-CLA$c20150331$lBLL01$h1618
=CAT  \\$aBATCH-CLA$b00$c20161130$lBLL01$h1640
=CAT  \\$aIPL-CLA$c20161230$lBLL01$h1834
=CAT  \\$a3072$b40$c20171106$lBLL01$h1043
=CAT  \\$a3072$b40$c20171106$lBLL01$h1044
=CAT  \\$aBATCH-CLA$b00$c20171130$lBLL01$h1647
=CAT  \\$aIPL-CLA$c20171231$lBLL01$h1409
=CAT  \\$aBATCH-CLA$b00$c20191129$lBLL01$h1626
=CAT  \\$aIPL-CLA$c20191231$lBLL01$h1736
=CAT  \\$aBATCH-CLA$b00$c20201126$lBLL01$h1414
=CAT  \\$aIPL-CLA$c20201231$lBLL01$h1520
=CAT  \\$aBATCH-CLA$b00$c20221130$lBLL01$h1449
=CAT  \\$aIPL-CLA$c20221231$lBLL01$h1434
=CAT  \\$aBATCH-CLA$b00$c20230209$lBLL01$h1536
=CAT  \\$aIPL-CLA$c20230209$lBLL01$h2331
=CFI  0\$aCurrent Copyright Fee: GBP25.00$c0$e09-feb-2023$fGBP25.00$g0$hC$5Uk
=CFI  2\$aBritish Library not licensed to copy$c0$e01-jan-2023$hC$iCFP Excluded$5Uk
=FIN  \\$aY
=FMT  \\$a  SE
=LAS  \\$aIPL-CLA$b00$c20230209$lBLL01$h2331
=LEO  \\$aMP10.0000234637
=SRC  \\$aDSS01$bbibmp10.200404.2.aa
=TCO  \\$aTRS$bCCC$c008
=TOC  \\$aETOC

