=LDR  04728cas a22011897a 4500
=001  008540476
=003  Uk
=005  20231016144327.0
=007  ta
=008  891017c19899999enktr\p\\\\\\\0\\\a0eng\\
=015  \\$aGB9005148$2bnb
=019  y\$ab9005148
=019  9\$ab9005148
=019  1\$ab9005148
=019  c\$a2381320
=022  0\$a0953-5233
=039  0\$a2069
=040  \\$aUk$cUk$dUk
=050  00$aHQ1121
=082  04$a305.4209$220
=210  0\$aGend. hist.$b(Print)
=222  \0$aGender & history$b(Print)
=245  00$aGender & history.
=246  00$aGender and history (Print)
=260  \\$aOxford :$bBasil Blackwell,$c1989-
=264  31$a[Oxford] :$b[John Wiley & Sons Ltd]
=300  \\$av. ;$c23cm.
=310  \\$aThree issues yearly
=336  \\$atext$2rdacontent
=337  \\$aunmediated$2rdamedia
=338  \\$avolume$2rdacarrier
=362  0\$aVol.1, no.1 (Spring 1989)-
=540  \\$aCurrent Copyright Fee: GBP32.00$c35\0$5Uk
=595  \\$aSEE ALSO BOOK CATALOGUE.
=650  \0$aWomen$xSocial conditions$vPeriodicals.
=653  \\$aWomen$aSocial conditions$ahistory$aSerials
=690  7\$aSocial Welfare$2blcoll
=776  0\$tGender & history (Online)$x1468-0424
=852  41$aBritish Library$bHMNTS$jZC.9.a.2211$3Vol. 1, no. 1 (spring 1989)-v. 25, no. 1 (2013)***title now taken as electronic copy only
=852  41$aBritish Library$bDSC$j4096.401350$3Vol. 1 (1989)-v. 23, issue 3 (2011)***UKRR Retained Title
=856  \\$31850-9999$uhttp://onlinelibrary.wiley.com/$xBLDSS
=945  \\$aGENDER AND HISTORY.
=959  \\$fHeld but not currently received
=963  \\$aVOL. 1, 1989- *A=1$bY$cP200.C.737
=985  \\$aRecord merged by DQ team
=985  \\$aISSN responsbility transferred to US ISSN Center from ISSN UK Centre, Wiley, Multinational Publisher List, Summer 2017.
=A02  \\$a2381320
=ACF  \\$aPrevious copyright fee: GBP16.00$c10\0$e01-jan-2006$fGBP16.00$g0$hP$5Uk
=ACF  \\$aPrevious copyright fee: GBP15.00$c10\0$e01-apr-2004$fGBP15.00$g0$hP$5Uk
=ACF  \\$aCurrent copyright fee: GBP13.00$c10\0$e01-apr-2003$fGBP13.00$g0$hP$5Uk
=ACF  \\$aCurrent copyright fee: GBP13.00$c10\6$e01-apr-2002$fGBP13.00$g0$hP$5Uk
=ACF  \\$aPrevious copyright fee: GBP17.00$c10\0$e01-jan-2009$fGBP17.00$g0$hP$5Uk
=ACF  \\$aPrevious copyright fee: GBP22.00$c10\0$e01-jan-2011$fGBP22.00$g0$hP$5Uk
=ACF  \\$aPrevious copyright fee: GBP24.00$c10\0$e01-mar-2015$fGBP24.00$g0$hP$5Uk
=ACF  \\$aPrevious copyright fee: GBP24.00$c35\0$e07-mar-2017$fGBP24.00$g0$hP$5Uk
=CAT  \\$aWR09-126
=CAT  \\$aBATCH$b00$c20091216$lBLL01$h0110
=CAT  \\$aBATCH-UPD$b00$c20101116$lBLL01$h1327
=CAT  \\$aIPL-CLA$c20101231$lBLL01$h1229
=CAT  \\$aBATCH$b00$c20110625$lBLL01$h0359
=CAT  \\$aBATCH-SWP2$c20110627$lBLL01$h0755
=CAT  \\$aBATCH-CLA$b00$c20121104$lBLL01$h1029
=CAT  \\$aWR12_168$c20121206$lBLL01$h1834
=CAT  \\$aWR13.005$c20130323$lBLL01$h1327
=CAT  \\$a8874$b40$c20130516$lBLL01$h1213
=CAT  \\$aWR14_140$c20140905$lBLL01$h1729
=CAT  \\$aBLDSS-3PM$b00$c20141214$lBLL01$h1518
=CAT  \\$aBATCH-UPD$b00$c20150215$lBLL01$h1619
=CAT  \\$aIPL-CLA$c20150228$lBLL01$h2042
=CAT  \\$aBATCH-UPD$b00$c20160413$lBLL01$h1804
=CAT  \\$aBATCH-UPD$b00$c20161122$lBLL01$h0827
=CAT  \\$aW1703-0316$c20170306$lBLL01$h1822
=CAT  \\$aW1703-0316$c20170307$lBLL01$h1645
=CAT  \\$aIPL-CLA$c20170307$lBLL01$h1823
=CAT  \\$aBATCH-UPD$b00$c20180219$lBLL01$h1740
=CAT  \\$a11313$b40$c20180227$lBLL01$h1255
=CAT  \\$aBATCH-UPD$b40$c20181121$lBLL01$h1618
=CAT  \\$aIPL-CLA$c20181231$lBLL01$h1534
=CAT  \\$aR1911-0245$c20191127$lBLL01$h0821
=CAT  \\$aR1911-0245$c20191127$lBLL01$h1044
=CAT  \\$aIPL-CLA$c20191231$lBLL01$h1737
=CAT  \\$a12654$b40$c20231016$lBLL01$h1443
=CFI  0\$aCurrent Copyright Fee: GBP32.00$c35\0$e01-jan-2020$fGBP32.00$g0$hP$5Uk
=CFI  1\$aPending Copyright Fee: GBP46.00$c35\0$e01-jan-2024$fGBP46.00$g0$hP$5Uk
=CFI  2\$aPrevious copyright fee: GBP28.00$c35\0$e01-jan-2019$fGBP28.00$g0$hP$5Uk
=EST  \\$a2
=FFP  \\$aY$bBLDSS-3PM
=FIN  \\$aY
=FMT  \\$a  SE
=LAS  \\$a12654$b40$c20231016$lBLL01$h1443
=LEO  \\$aMP5.0000782601
=LEO  \\$aMP13.0000302204
=LEO  \\$aMP22.0000027268
=LEO  \\$aMP10.0000244521
=LKR  \\$aPAR$b012433061$lBLL01$r776$mGender & history (Print)$nGender & history (Online)
=SRC  \\$aBNB03$bbibmp5.200404.2.ab
=SRC  \\$aHSS01$bbibmp13.200404.2.aa
=SRC  \\$aISN01$bbibmp22.200404.2.aa
=SRC  \\$aDSS01$bbibmp10.200404.2.aa
=TCO  \\$aCLA$bCLA$c008
=TOC  \\$aETOC
=UNO  \\$aY

