=LDR  07115cas a2201405 a 4500
=001  008541799
=003  Uk
=005  20220331195048.0
=007  ta
=008  040409d19231999ne\qr\p\\\\\\\0\\\a0mul\\
=019  c\$a2074772
=019  x\$a1371530092
=019  0\$as084980001
=022  0\$a0016-7746
=040  \\$aUk$cUk$dUk
=041  0\$aeng$adut$afre$ager
=084  \\$aNW 00$2blsrissc
=210  0\$aGeol. mijnb.
=222  \0$aGeologie en mijnbouw
=245  00$aGeologie en mijnbouw :$btijdschrift van het Nederlandsch Geologisch-Mijnbouwkundig Genootschap.
=260  \\$a's-Gravenhage :$bLevisson
=300  \\$av. :$bill. ;$c28-30 cm.
=310  \\$aQuarterly,$b<1996-2000>
=321  \\$aFrequency varies,$b<1950- >
=336  \\$atext$2rdacontent
=337  \\$aunmediated$2rdamedia
=338  \\$avolume$2rdacarrier
=362  1\$aBegan with jaarg. 10 in 1931; nieuwe ser., 1. jaarg. began in 1939.
=500  \\$aIssues for <1974>-1999 have as other title information: International journal of the Royal Geological and Mining Society of the Netherlands - KNGMG.
=500  \\$aPublication suspended 1930-1945.
=515  \\$aVols. 18-39 called new series vols. 1-22.
=540  \\$aBritish Library not licensed to copy$c0$5Uk
=546  \\$aText in English, Dutch, French, and German; summaries in English; in English, <1995-2000>.
=550  \\$aPublished for the Koninklijk Nederlands (to 1952 Nederlandsch) Geologisch Mijnbouwkundig Genootschap.
=595  \\$aCONTD AS 6077.00115 VOL. 79, 2000- ABSORBS 5515.04.
=650  \0$aGeology$zNetherlands$vPeriodicals.
=650  \0$aMines and mineral resources$vPeriodicals.
=710  2\$aNederlandsch Geologisch-Mijnbouwkundig Genootschap.
=710  2\$aKoninklijk Nederlands Geologisch Mijnbouwkundig Genootschap.
=710  2\$aStichting Netherlands Journal of Geosciences.
=776  08$iAlso issued online as:$tGeologie en mijnbouw$x1573-9708
=780  00$tMijnwezen (The Hague, Netherlands : 1928)
=780  05$tMededelingen Nederlands Instituut voor Toegepaste Geowetenschappen TNO$g2000$x1388-3453
=785  00$tNetherlands journal of geosciences
=852  71$aBritish Library$bSTI$k(P)$hNW 00$m-G(5)$2blsrissc$3Jaarg. 1 (1923)-Jaarg. 80 (2001) ; Deficient: jaarg.8, no.11, 12, 1946***Earlier issues
=852  41$aBritish Library$bHMNTS$jP.P.2120.ga.$3Nieuwe serie: jaarg. 11. no. 2, 12; vol. 62. nr. 1. Feb., Dec. 1949; 1983
=852  41$aBritish Library$bDSC$j4143.000000$3Vol. 12 (1934)-v. 78, no. 1 (1999)***UKRR Retained Title***Stock Incomplete
=945  \\$aGeologie en mijnbouw
=959  \\$fHeld but not currently received
=963  \\$aCA/U14 NS: 1(1), 1939- 1(2), 1939 *A=1; 7, 1946- *A=1$bN
=964  \\$a1932- [1982?] *A=1$c551$dQ$eJG45
=985  \\$aRecord merged by DQ team
=985  \\$aISSN UK: The ISSN record for this title is maintained on a separate BIB (the BL treated this title as a C/T in 2000, the ISSN record is continuous, hence separate records)
=A02  \\$a2074772
=ACF  \\$aPrevious Copyright Fee: GBP24.29$c0$e01-jul-2009$fGBP24.29$g0$hC$5Uk
=ACF  \\$aPrevious Copyright Fee: GBP24.29$c0$e01-apr-2009$fGBP24.29$g0$hC$5Uk
=ACF  \\$aPrevious Copyright Fee: GBP20.00$c0$e01-jan-2009$fGBP20.00$g0$hC$5Uk
=ACF  \\$aPrevious Copyright Fee: GBP16.00$c0$e01-oct-2008$fGBP16.00$g0$hC$5Uk
=ACF  \\$aPrevious Copyright Fee: GBP16.00$c0$e01-jul-2008$fGBP16.00$g0$hC$5Uk
=ACF  \\$aPrevious Copyright Fee: GBP16.00$c0$e01-apr-2008$fGBP16.00$g0$hC$5Uk
=ACF  \\$aPrevious Copyright Fee: GBP16.00$c0$e01-jan-2008$fGBP16.00$g0$hC$5Uk
=ACF  \\$aPrevious Copyright Fee: GBP16.00$c0$e01-oct-2007$fGBP16.00$g0$hC$5Uk
=ACF  \\$aPrevious Copyright Fee: GBP16.00$c0$e01-jul-2007$fGBP16.00$g0$hC$5Uk
=ACF  \\$aPrevious Copyright Fee: GBP16.41$c0$e01-apr-2007$fGBP16.41$g0$hC$5Uk
=ACF  \\$aPrevious Copyright Fee: GBP16.22$c0$e01-jan-2007$fGBP16.22$g0$hC$5Uk
=ACF  \\$aPrevious Copyright Fee: GBP16.22$c0$e01-oct-2006$fGBP16.22$g0$hC$5Uk
=ACF  \\$aPrevious Copyright Fee: GBP17.14$c0$e01-jul-2006$fGBP17.14$g0$hC$5Uk
=ACF  \\$aPrevious Copyright Fee: GBP17.14$c0$e01-apr-2006$fGBP17.14$g0$hC$5Uk
=ACF  \\$aPrevious Copyright Fee: GBP16.67$c0$e01-jan-2006$fGBP16.67$g0$hC$5Uk
=ACF  \\$aPrevious Copyright Fee: GBP16.22$c0$e01-oct-2005$fGBP16.22$g0$hC$5Uk
=ACF  \\$aPrevious Copyright Fee: GBP16.22$c0$e01-jul-2005$fGBP16.22$g0$hC$5Uk
=ACF  \\$aPrevious Copyright Fee: GBP16.22$c0$e01-apr-2005$fGBP16.22$g0$hC$5Uk
=ACF  \\$aPrevious Copyright Fee: GBP13.89$c0$e01-jan-2005$fGBP13.89$g0$hC$5Uk
=ACF  \\$aPrevious Copyright Fee: GBP13.51$c0$e01-oct-2004$fGBP13.51$g0$hC$5Uk
=ACF  \\$aPrevious copyright fee: GBP13.51$c0$e01-apr-2004$fGBP13.51$g0$hC$5Uk
=ACF  \\$aCurrent copyright fee: GBP14.71$c0$e01-jan-2004$fGBP14.71$g0$hC$5Uk
=ACF  \\$aCurrent copyright fee: GBP15.63$c0$e01-apr-2003$fGBP15.63$g0$hC$5Uk
=ACF  \\$aPrevious copyright fee: GBP10.50$c0$e01-jan-2011$fGBP10.50$g0$hA$5Uk
=ACF  \\$aPrevious copyright fee: GBP12.00$c0$e01-jan-2012$fGBP12.00$g0$hA$5Uk
=ACF  \\$aPrevious Copyright Fee: GBP12.30$c0$e01-jan-2014$fGBP12.30$g0$hA$5Uk
=ACF  \\$aPrevious Copyright Fee: GBP10.00$c0$e01-jul-2014$fGBP10.00$g0$hC$5Uk
=CAT  \\$aCONV$b00$c20040425$lBLL90$h0703
=CAT  \\$aBATCH$b00$c20090701$lBLL01$h2049
=CAT  \\$aBATCH$b00$c20091209$lBLL01$h0216
=CAT  \\$aBATCH$b00$c20091214$lBLL01$h0329
=CAT  \\$aBATCH$b00$c20091216$lBLL01$h0110
=CAT  \\$aBATCH-UPD$b00$c20101201$lBLL01$h1217
=CAT  \\$aIPL-CLA$c20101231$lBLL01$h1229
=CAT  \\$aWR11_203$c20111204$lBLL01$h1316
=CAT  \\$aIPL-CLA$c20111230$lBLL01$h1731
=CAT  \\$aBATCH-UPD$b00$c20120614$lBLL01$h2132
=CAT  \\$aBATCH-CLA$b00$c20121104$lBLL01$h1028
=CAT  \\$aWR12_168$c20121206$lBLL01$h1834
=CAT  \\$aWR13.005$c20130323$lBLL01$h1328
=CAT  \\$aBATCH-CLA$c20131217$lBLL01$h1731
=CAT  \\$aIPL-CLA$c20131231$lBLL01$h1928
=CAT  \\$aBATCH-CLA$b00$c20140530$lBLL01$h1700
=CAT  \\$aIPL-CLA$c20140630$lBLL01$h1659
=CAT  \\$a11316$b40$c20141006$lBLL01$h1417
=CAT  \\$a11316$b40$c20141006$lBLL01$h1430
=CAT  \\$a11313$b40$c20141009$lBLL01$h1316
=CAT  \\$a10806$b40$c20141110$lBLL01$h1354
=CAT  \\$a8874$b40$c20141203$lBLL01$h1333
=CAT  \\$aBATCH-CLA$b00$c20210227$lBLL01$h1016
=CAT  \\$aIPL-CLA$c20210331$lBLL01$h1655
=CAT  \\$aBATCH-CLA$b00$c20220304$lBLL01$h1533
=CAT  \\$aIPL-CLA$c20220331$lBLL01$h1950
=CFI  0\$aBritish Library not licensed to copy$c0$e01-apr-2022$hC$iCFP Excluded$5Uk
=CFI  2\$aPrevious Copyright Fee: GBP0.00$c0$e01-apr-2021$fGBP0.00$g0$hC$5Uk
=FIN  \\$aY
=FMT  \\$a  SE
=LAS  \\$aIPL-CLA$b00$c20220331$lBLL01$h1950
=LEO  \\$aMP1.0001648940
=LEO  \\$aMP25.0000010738
=LEO  \\$aMP10.0000246440
=SRC  \\$aBLS01$bbibmp1.200404.2.ab
=SRC  \\$aSRI01$bbibmp25.200404.2.aa
=SRC  \\$aDSS01$bbibmp10.200404.2.aa
=TCO  \\$aNLD$bSTICHTING REPRORECHT$c008
=TOC  \\$aETOC

