=LDR  11382 as a2201825ua 4500
=001  008549761
=003  Uk
=005  20200121091613.0
=007  ta
=008  040410d18412002enkwr\p\\\\\\\0\\\a0eng\\
=019  c\$a2135723
=019  x\$a2533350257
=022  0\$a0033-4278
=040  \\$aUk$cUk$dUk
=082  04$a827
=210  0\$aPunch$b(Bletchley)
=222  \0$aPunch$b(Bletchley)
=245  00$aPunch
=246  1\$iTitle to vol. 1 (Jul.-Dec. 1841):$aPunch and London charivari
=246  03$aPunch or the London charivari
=246  03$aPunch (London)
=260  \\$aLondon :$b[The Firm],$c1841-
=260  3\$aBletchley :$bPunch Publications Ltd.
=300  \\$a[?] v. :$bill. ;$c28-30 cm.
=336  \\$atext$2rdacontent
=337  \\$aunmediated$2rdamedia
=338  \\$avolume$2rdacarrier
=362  0\$aVol. 1, no. 1 (July 17, 1841)-vol. 301, no. 7888 (Apr. 1992); vol. 302, no. 7889 (Sept. 1996)-2002.
=500  \\$aWeekly.
=500  \\$aEditors: 1841-70, M. Lemon (with H. Mayhew, 1841- ); 1870-74, S. Brooks; 1874-80, T. Taylor; 1880-1906, F.C. Burnand; 1906-<27> O. Seaman.
=500  \\$aIncludes index to each volume.
=500  \\$aLatest issue consulted: May 28-June 11, 2002.
=515  \\$aSuspended 1992-1996.
=540  \\$aBritish Library not licensed to copy$c0$5Uk
=580  \\$aBetween 1842 and 1899 each year includes "Punch's almanack." From 1900 the almanac is issued separately.
=580  \\$aCeased as a print serial.
=585  \\$aVol. 95. Copy at C.194.b.199. Exhibited: "Terror and Wonder: the Gothic Imagination" British Library, London, 3 October 2014 - 20 January 2015.$5Uk
=585  \\$312 January 1850.$aCopy at P.P.5270. Exhibited: "Discovering literature: Romantics and Victorians" (online), 20 February 2014-.$5Uk
=585  \\$322 September 1888.$aCopy at P.P.5270.ah. Exhibited: "Alice in Wonderland" (online), 24 May 2016-.$5Uk
=585  \\$311 May 1850.$aCopy at P.P.5270. Exhibited: "Discovering literature: Romantics and Victorians" (online), 20 February 2014-.$5Uk
=585  \\$311 May 1850.$aCopy at P.P.5270. Exhibited: "Victorian Britain" (online), 25 May 2016-.$5Uk
=585  \\$36 February 1886.$aCopy at P.P.5270. Exhibited: "Discovering literature: Romantics and Victorians" (online), 20 February 2014-.$5Uk
=585  \\$320 November 1858.$aCopy at P.P.5270.ah. Exhibited: "Discovering literature: Romantics and Victorians" (online), 20 February 2014-.$5Uk
=585  \\$329 September 1888.$aCopy at P.P.5270.ah. Exhibited: "Discovering literature: Romantics and Victorians" (online), 20 February 2014-.$5Uk
=585  \\$329 September 1888.$aCopy at P.P.5270.ah. Exhibited: "Alice in Wonderland" (online), 24 May 2016-.$5Uk
=585  \\$313 October 1888.$aCopy at P.P.5270.ah. Exhibited: "Discovering literature: Romantics and Victorians" (online), 20 February 2014-.$5Uk
=585  \\$322 September 1888.$aCopy at P.P.5270.ah. Exhibited: "Discovering literature: Romantics and Victorians" (online), 20 February 2014-.$5Uk
=585  \\$3January-June 1842.$aCopy at P.P.5270.ah. Exhibited: "Discovering literature: Romantics and Victorians" (online), 20 February 2014-.$5Uk
=585  \\$32 February 1861.$aCopy at P.P.5270.ah. Exhibited: "Discovering literature: Romantics and Victorians" (online), 20 February 2014-.$5Uk
=585  \\$33 July 1858.$aCopy at P.P.5270. Exhibited: "Victorian Britain" (online), 25 May 2016-.$5Uk
=585  \\$33 July 1858.$aCopy at P.P.5270.ah. Exhibited: "Discovering literature: Romantics and Victorians" (online), 20 February 2014-.$5Uk
=585  \\$3No. 46 (Jan-June 1864).$aCopy at C.194.b.199. Exhibited: "Alice in Wonderland", British Library, London, 20 November 2015 - 17 April 2016.$5Uk
=585  \\$3December 1907.$aCopy at C.194.b.199. Exhibited: "Alice in Wonderland", British Library, London, 20 November 2015 - 17 April 2016.$5Uk
=585  \\$3Vol. 1 (1841).$aCopy at C.194.b.199. Exhibited: "Art and anarchy" (online), 1 May 2014-.$5Uk
=595  \\$aSEE ALSO SERIAL STORES SEE ALSO SERIAL RECORDS OLIS BUC AND LULS.
=650  \0$aEnglish wit and humor$vPeriodicals.
=700  1\$aLemon, Mark,$d1809-1870.
=700  1\$aMayhew, Henry,$d1812-1887.
=700  1\$aTaylor, Tom,$d1817-1880.
=700  1\$aBrooks, Shirley,$d1816-1874.
=700  1\$aBurnand, F. C.$q(Francis Cowley),$d1836-1917.
=700  1\$aSeaman, Owen,$d1861-1936.
=787  0\$tPunch special$x0965-8440
=787  0\$tPunch's almanack$x2059-9269
=852  41$aBritish Library$bHMNTS$jP.P.5270.$31841-2002***Punch's Almanack for 1842-1846, 1931, 1933 and from 1936 onwards is included in this set; other volumes are placed at P.P.2505.xa***The Railway Centenary Article of July 1st 1925 is missing p. 7-10.***[Another copy of vol. 1-222.] Punch and London Charivari. London, 1841-1952. 4º. Vol. 1 has a different titlepage.
=852  41$aBritish Library$bHMNTS$j1572/459.$3Another copy of: no. 127 (1843)
=852  41$aBritish Library$bHMNTS$j12331.a.43.$3Another copy of: no. 1649 (1870). A miniature.
=852  41$aBritish Library$bHMNTS$jP.P.5276.(2.)$3Another copy of: part of vol. 19 (1850). Punch's Holidays. pp. 12.
=852  41$aBritish Library$bHMNTS$jP.P.5272.$qIssues at P.P.5272. Mislaid.$3A reissue of vol. 1-39 (1861-1864)
=852  41$aBritish Library$bHMNTS$jCollins 88
=852  41$aBritish Library$bHMNTS$jCollins 879.$3Vols. 9 and 10, with Punch's Almanack for 1846.
=852  41$aBritish Library$bHMNTS$jC.194.b.199$3Chairman's set: vol. 1 (Jul.-Dec. 1841) - vol. 277 (Jul.-Dec. 1979); vol. 282 (Jan.-Jun. 1982)- vol. 289 (Jul.-Dec. 1985); Jan.-Dec. 1986 and 1988-1989 (all issues).***Includes the advertisements, as originally published with the magazine.
=852  41$aBritish Library$bHMNTS$jRB.31.b.249$3Editorial Department's set: (Jan.-Jun.) 1844 - (Jul.-Dec.) 1985. Very imperfect.
=852  41$aBritish Library$bDSC$cV$j7160.220000$3Vol. 1 (1841)-v. 301, no. 7888 (1992)***UKRR Retained Title***Stock Incomplete
=852  41$aBritish Library$bHMNTS$jP.P.5270.ah.$3Another copy of: vol. 1 (1841)-v. 222 (1952)***Vol. 1 has a different titlepage.***The Railway centenary article of July 1st 1925 is missing p. 7-10.
=852  41$aBritish Library$bHMNTS$jP.P.6014.be.(3.)$3Another copy of: 18 June 1853; 13 July 1861; 4-18 Jan., 1 Feb., 9 Aug. 1869; 2 July 1870***Includes "Punch's Almanack" for 1864, 1867, and 1870.***Imperfect; wanting the wrappers.
=945  \\$aPUNCH -LONDON-.
=959  \\$fHeld but not currently received
=963  \\$a1841- 1992 *A=1; 1996- *A=1$bY$cL992.B.177
=985  \\$aRecord merged by DQ team
=985  \\$aISSN Centre note: ISSN records are separate, title changes do not match the BL collection record.
=A02  \\$a2135723
=ACF  \\$aPrevious Copyright Fee: GBP12.00$c0$e01-apr-2012$fGBP12.00$g0$hC$5Uk
=ACF  \\$aPrevious Copyright Fee: GBP12.00$c0$e01-jan-2012$fGBP12.00$g0$hC$5Uk
=ACF  \\$aPrevious Copyright Fee: GBP10.50$c0$e01-oct-2011$fGBP10.50$g0$hC$5Uk
=ACF  \\$aPrevious Copyright Fee: GBP10.50$c0$e01-jul-2011$fGBP10.50$g0$hC$5Uk
=ACF  \\$aPrevious Copyright Fee: GBP10.50$c0$e01-apr-2011$fGBP10.50$g0$hC$5Uk
=ACF  \\$aPrevious Copyright Fee: GBP10.50$c0$e01-jan-2011$fGBP10.50$g0$hC$5Uk
=ACF  \\$aPrevious Copyright Fee: GBP9.00$c0$e01-oct-2010$fGBP9.00$g0$hC$5Uk
=ACF  \\$aPrevious Copyright Fee: GBP9.00$c0$e01-jul-2010$fGBP9.00$g0$hC$5Uk
=ACF  \\$aPrevious Copyright Fee: GBP9.00$c0$e01-apr-2010$fGBP9.00$g0$hC$5Uk
=ACF  \\$aPrevious Copyright Fee: GBP9.00$c0$e01-Jan-2010$fGBP9.00$g0$hC$5Uk
=ACF  \\$aPrevious Copyright Fee: GBP6.00$c0$e01-oct-2009$fGBP6.00$g0$hC$5Uk
=ACF  \\$aPrevious Copyright Fee: GBP6.00$c0$e01-jul-2009$fGBP6.00$g0$hC$5Uk
=ACF  \\$aPrevious Copyright Fee: GBP6.00$c0$e01-apr-2009$fGBP6.00$g0$hC$5Uk
=ACF  \\$aPrevious Copyright Fee: GBP7.69$c0$e01-jan-2009$fGBP7.69$g0$hC$5Uk
=ACF  \\$aPrevious Copyright Fee: GBP6.15$c0$e01-oct-2008$fGBP6.15$g0$hC$5Uk
=ACF  \\$aPrevious Copyright Fee: GBP6.15$c0$e01-jul-2008$fGBP6.15$g0$hC$5Uk
=ACF  \\$aPrevious Copyright Fee: GBP6.15$c0$e01-apr-2008$fGBP6.15$g0$hC$5Uk
=ACF  \\$aPrevious Copyright Fee: GBP3.50$c0$e01-jan-2008$fGBP3.50$g0$hC$5Uk
=ACF  \\$aPrevious Copyright Fee: GBP3.50$c0$e01-oct-2007$fGBP3.50$g0$hC$5Uk
=ACF  \\$aPrevious Copyright Fee: GBP3.50$c0$e01-jul-2007$fGBP3.50$g0$hC$5Uk
=ACF  \\$aPrevious Copyright Fee: GBP3.59$c0$e01-apr-2007$fGBP3.59$g0$hC$5Uk
=ACF  \\$aPrevious Copyright Fee: GBP3.78$c0$e01-jan-2007$fGBP3.78$g0$hC$5Uk
=ACF  \\$aPrevious Copyright Fee: GBP3.78$c0$e01-oct-2006$fGBP3.78$g0$hC$5Uk
=ACF  \\$aPrevious Copyright Fee: GBP4.00$c0$e01-jul-2006$fGBP4.00$g0$hC$5Uk
=ACF  \\$aPrevious Copyright Fee: GBP4.00$c0$e01-apr-2006$fGBP4.00$g0$hC$5Uk
=ACF  \\$aPrevious Copyright Fee: GBP3.89$c0$e01-jan-2006$fGBP3.89$g0$hC$5Uk
=ACF  \\$aPrevious copyright fee: GBP5.00$c0$e01-jan-2003$fGBP5.00$g0$hC$5Uk
=ACF  \\$aCurrent copyright fee: GBP4.50$c0$e01-apr-1997$fGBP4.50$g0$hC$5Uk
=ACF  \\$aPrevious Copyright Fee: GBP12.00$c0$e01-jul-2012$fGBP12.00$g0$hC$5Uk
=ACF  \\$aPrevious Copyright Fee: GBP12.00$c0$e01-oct-2012$fGBP12.00$g0$hC$5Uk
=ACF  \\$aPrevious Copyright Fee: GBP12.30$c0$e01-jan-2014$fGBP12.30$g0$hC$5Uk
=ACF  \\$aPrevious Copyright Fee: GBP15.00$c0$e01-jan-2017$fGBP15.00$g0$hC$5Uk
=CAT  \\$aCONV$b00$c20040425$lBLL90$h0709
=CAT  \\$a8250$b40$c20160520$lBLL01$h1523
=CAT  \\$aBATCH-CLA$b00$c20161130$lBLL01$h1648
=CAT  \\$aIPL-CLA$c20161230$lBLL01$h1838
=CAT  \\$aBATCH-CLA$b00$c20171130$lBLL01$h1716
=CAT  \\$aIPL-CLA$c20171231$lBLL01$h1414
=CAT  \\$a8250$b40$c20180503$lBLL01$h1037
=CAT  \\$a8250$b40$c20180503$lBLL01$h1038
=CAT  \\$a8250$b40$c20180503$lBLL01$h1051
=CAT  \\$a8250$b40$c20180511$lBLL01$h1123
=CAT  \\$a8250$b40$c20180522$lBLL01$h1128
=CAT  \\$aBATCH-CLA$b00$c20180831$lBLL01$h1629
=CAT  \\$a8250$b40$c20180921$lBLL01$h1038
=CAT  \\$a8250$b40$c20180924$lBLL01$h1151
=CAT  \\$aIPL-CLA$c20180930$lBLL01$h1452
=CAT  \\$a8250$b40$c20181029$lBLL01$h1324
=CAT  \\$a8250$b40$c20181029$lBLL01$h1351
=CAT  \\$a8250$b40$c20181101$lBLL01$h0845
=CAT  \\$a8250$b40$c20181101$lBLL01$h1130
=CAT  \\$a8250$b40$c20181120$lBLL01$h1018
=CAT  \\$a8250$b40$c20181122$lBLL01$h1556
=CAT  \\$a8250$b40$c20190516$lBLL01$h1209
=CAT  \\$a8250$b40$c20190516$lBLL01$h1221
=CAT  \\$a8250$b40$c20191024$lBLL01$h1036
=CAT  \\$a8250$b40$c20191029$lBLL01$h1409
=CAT  \\$a8250$b40$c20200121$lBLL01$h0916
=CFI  0\$aBritish Library not licensed to copy$c0$e01-oct-2018$hC$iCFP Excluded$5Uk
=CFI  2\$aPrevious Copyright Fee: GBP17.50$c0$e01-jan-2018$fGBP17.50$g0$hC$5Uk
=FIN  \\$aY$d20061004
=FMT  \\$a  SE
=LAS  \\$a8250$b40$c20200121$lBLL01$h0916
=LEO  \\$aMP1.0003037111.4
=LEO  \\$aMP1.0003037111
=LEO  \\$aMP22.0000001764
=LEO  \\$aMP10.0000472715
=LKR  \\$aPAR$b010820085$lBLL01$r787$mPunch (Bletchley)$nPunch special
=LKR  \\$aPAR$b008549784$lBLL01$r787$mPunch (Bletchley)$nPunch's almanack.
=SRC  \\$aBLS01$bbibmp1.200404.2.ad
=SRC  \\$aISN01$bbibmp22.200404.2.aa
=SRC  \\$aDSS01$bbibmp10.200404.2.aa
=TCO  \\$aCLA$bCLA$c008

