=LDR  05722cas a2201177 a 4500
=001  008557565
=003  Uk
=005  20221012121256.0
=007  ta
=008  040410c19uu9999xxumr\p\\\\\\\0\\\a0eng\\
=019  c\$a2139105
=022  0\$a0887-6649
=040  \\$aUk$cUk$dUk
=082  04$a363.7282$222
=245  00$aRecycling today.
=260  \\$a[Cleveland, Ohio] :$b[G.I.E. Pub. Co.]
=310  \\$aMonthly
=336  \\$atext$2rdacontent
=337  \\$aunmediated$2rdamedia
=338  \\$avolume$2rdacarrier
=540  \\$aCurrent Copyright Fee: GBP45.99$c0$5Uk
=595  \\$aFORMERLY 8216.16 UP TO VOL. 12(4), 1974.
=650  \0$aScrap metal industry$zUnited States$vPeriodicals.
=650  \0$aRecycling (Waste, etc.)$vPeriodicals.
=770  0\$tScrap recycling
=780  00$tSecondary raw materials
=852  41$aBritish Library$bDSC$j7331.157000$3Vol. 12, no. 5 (1974)-v. 52, no. 9 (2014); v. 53, no. 3 (2015)-
=945  \\$aRECYCLING TODAY.
=959  \\$fCurrently received
=985  \\$aCorrected by MS generated file for WR# 12.018
=985  \\$aCONFERENCE ANALYTIC RECORDS EXIST
=985  \\$aUS ISSN Centre did a C/T split between 1990 & 1992 into 2 editions, then a reversion in 1992 with new ISSN 1096-6323 assigned.
=A02  \\$a2139105
=ACF  \\$aPrevious Copyright Fee: GBP40.65$c0$e01-apr-2012$fGBP40.65$g0$hC$5Uk
=ACF  \\$aPrevious Copyright Fee: GBP37.80$c0$e01-jan-2012$fGBP37.80$g0$hC$5Uk
=ACF  \\$aPrevious Copyright Fee: GBP37.80$c0$e01-oct-2011$fGBP37.80$g0$hC$5Uk
=ACF  \\$aPrevious Copyright Fee: GBP37.80$c0$e01-jul-2011$fGBP37.80$g0$hC$5Uk
=ACF  \\$aPrevious Copyright Fee: GBP37.80$c0$e01-apr-2011$fGBP37.80$g0$hC$5Uk
=ACF  \\$aPrevious Copyright Fee: GBP37.80$c0$e01-jan-2011$fGBP37.80$g0$hC$5Uk
=ACF  \\$aPrevious Copyright Fee: GBP37.80$c0$e01-oct-2010$fGBP37.80$g0$hC$5Uk
=ACF  \\$aPrevious Copyright Fee: GBP37.80$c0$e01-jul-2010$fGBP37.80$g0$hC$5Uk
=ACF  \\$aPrevious Copyright Fee: GBP37.80$c0$e01-apr-2010$fGBP37.80$g0$hC$5Uk
=ACF  \\$aPrevious copyright fee: GBP6.00$c0$e01-apr-2008$fGBP6.00$g0$hA$5Uk
=ACF  \\$aPrevious copyright fee: GBP5.00$c0$e01-jul-2002$fGBP5.00$g0$hA$5Uk
=ACF  \\$aCurrent copyright fee: GBP2.50$c0$e01-jul-1998$fGBP2.50$g0$hC$5Uk
=ACF  \\$aCurrent copyright fee: GBP2.30$c0$e01-apr-1997$fGBP2.30$g0$hC$5Uk
=ACF  \\$aPrevious Copyright Fee: GBP38.18$c0$e01-jul-2012$fGBP38.18$g0$hC$5Uk
=ACF  \\$aPrevious Copyright Fee: GBP40.65$c0$e01-oct-2012$fGBP40.65$g0$hC$5Uk
=ACF  \\$aPrevious Copyright Fee: GBP39.38$c0$e01-jan-2013$fGBP39.38$g0$hC$5Uk
=ACF  \\$aPrevious Copyright Fee: GBP40.65$c0$e01-jul-2013$fGBP40.65$g0$hC$5Uk
=ACF  \\$aPrevious Copyright Fee: GBP37.80$c0$e01-oct-2013$fGBP37.80$g0$hC$5Uk
=ACF  \\$aPrevious Copyright Fee: GBP39.38$c0$e01-jan-2014$fGBP39.38$g0$hC$5Uk
=ACF  \\$aPrevious Copyright Fee: GBP38.18$c0$e01-jul-2014$fGBP38.18$g0$hC$5Uk
=ACF  \\$aPrevious Copyright Fee: GBP42.00$c0$e01-apr-2015$fGBP42.00$g0$hC$5Uk
=ACF  \\$aPrevious Copyright Fee: GBP40.65$c0$e01-oct-2015$fGBP40.65$g0$hC$5Uk
=ACF  \\$aPrevious Copyright Fee: GBP43.45$c0$e01-apr-2016$fGBP43.45$g0$hC$5Uk
=ACF  \\$aPrevious Copyright Fee: GBP46.67$c0$e01-oct-2016$fGBP46.67$g0$hC$5Uk
=ACF  \\$aPrevious Copyright Fee: GBP50.40$c0$e01-apr-2017$fGBP50.40$g0$hC$5Uk
=ACF  \\$aPrevious Copyright Fee: GBP47.88$c0$e01-oct-2017$fGBP47.88$g0$hC$5Uk
=ACF  \\$aPrevious Copyright Fee: GBP48.46$c0$e01-jan-2018$fGBP48.46$g0$hC$5Uk
=ACF  \\$aPrevious Copyright Fee: GBP45.00$c0$e01-apr-2018$fGBP45.00$g0$hC$5Uk
=ACF  \\$aPrevious Copyright Fee: GBP48.46$c0$e01-oct-2018$fGBP48.46$g0$hC$5Uk
=ACF  \\$aPrevious Copyright Fee: GBP50.40$c0$e01-oct-2019$fGBP50.40$g0$hC$5Uk
=ACF  \\$aPrevious Copyright Fee: GBP48.46$c0$e01-apr-2020$fGBP48.46$g0$hC$5Uk
=ACF  \\$aPrevious Copyright Fee: GBP50.40$c0$e01-jul-2020$fGBP50.40$g0$hC$5Uk
=ACF  \\$aPrevious Copyright Fee: GBP45.54$c0$e01-jul-2021$fGBP45.54$g0$hC$5Uk
=CAT  \\$aCONV$b00$c20040425$lBLL90$h0709
=CAT  \\$aBATCH-CLA$b00$c20160831$lBLL01$h1645
=CAT  \\$aIPL-CLA$c20160930$lBLL01$h1546
=CAT  \\$aBATCH-CLA$b00$c20170228$lBLL01$h1630
=CAT  \\$aIPL-CLA$c20170331$lBLL01$h1830
=CAT  \\$aBATCH-CLA$b00$c20170831$lBLL01$h1629
=CAT  \\$aIPL-CLA$c20170929$lBLL01$h1712
=CAT  \\$aBATCH-CLA$b00$c20171130$lBLL01$h1707
=CAT  \\$aIPL-CLA$c20171231$lBLL01$h1416
=CAT  \\$aBATCH-CLA$b00$c20180228$lBLL01$h1643
=CAT  \\$aIPL-CLA$c20180331$lBLL01$h1600
=CAT  \\$aBATCH-CLA$b00$c20180831$lBLL01$h1626
=CAT  \\$aIPL-CLA$c20180930$lBLL01$h1452
=CAT  \\$aBATCH-CLA$b00$c20190909$lBLL01$h1715
=CAT  \\$aIPL-CLA$c20190930$lBLL01$h1629
=CAT  \\$aBATCH-CLA$b00$c20200228$lBLL01$h1637
=CAT  \\$aIPL-CLA$c20200331$lBLL01$h1605
=CAT  \\$aBATCH-CLA$b00$c20200529$lBLL01$h1534
=CAT  \\$aIPL-CLA$c20200701$lBLL01$h0046
=CAT  \\$aBATCH-CLA$b00$c20210528$lBLL01$h1527
=CAT  \\$aIPL-CLA$c20210704$lBLL01$h1014
=CAT  \\$aBATCH-CLA$b00$c20210917$lBLL01$h1605
=CAT  \\$aIPL-CLA$c20210930$lBLL01$h1525
=CAT  \\$aBATCH-CLA$b00$c20211203$lBLL01$h0817
=CAT  \\$aIPL-CLA$c20211231$lBLL01$h1536
=CAT  \\$a8483$b40$c20221012$lBLL01$h1212
=CFI  0\$aCurrent Copyright Fee: GBP45.99$c0$e01-jan-2022$fGBP45.99$g0$hC$5Uk
=CFI  2\$aPrevious Copyright Fee: GBP44.73$c0$e01-oct-2021$fGBP44.73$g0$hC$5Uk
=FIN  \\$aY
=FMT  \\$a  SE
=LAS  \\$a8483$b40$c20221012$lBLL01$h1212
=LEO  \\$aMP10.0000483518
=SRC  \\$aDSS01$bbibmp10.200404.2.aa
=TCO  \\$aTRS$bCCC$c008
=TOC  \\$aETOC

