=LDR  01674 as a22004337a 4500
=001  008563587
=003  Uk
=005  20090810095928.0
=008  040616d200u200uenkar\p\\\\\\\0\\\a0eng\\
=040  \\$aUk$beng$cUk$dUk
=130  0\$aPlanning your wedding (Tunbridge Wells edition)
=245  10$aPlanning your wedding.
=250  \\$aTunbridge Wells ed.
=260  \\$aTunbridge Wells (39 Little Mount Sion, Tunbridge Wells, Kent TN1 1YS) :$bSG Media.
=300  \\$a[?] v. :$bill. (some col.) ;$c25 cm.
=310  \\$aAnnual
=336  \\$atext$2rdacontent
=337  \\$aunmediated$2rdamedia
=338  \\$avolume$2rdacarrier
=500  \\$aDescription based on: 11th year (2002/3)
=650  \0$aWeddings$zEngland$zTunbridge Wells$xPlanning$vPeriodicals.
=780  00$tPlanning your wedding$x0966-0895
=785  00$tPlanning your wedding$c(West Kent & East Sussex ed.)$x2041-7152
=852  41$aBritish Library$bHMNTS$jZK.9.a.8616
=985  \\$aISSN Centre note - please do not add further items or assign ISSN. This is a variant title of: Planning your wedding (West Kent & East Sussex edition) ISSN 2041-7152
=A02  \\$a3009745$z0
=CAT  \\$aCONV$b00$c20040425$lBLL90$h0714
=CAT  \\$aCONV$b00$c20040502$lBLL01$h1257
=CAT  \\$a6537$b40$c20040812$lBLL01$h0955
=CAT  \\$a6537$b40$c20041022$lBLL01$h1553
=CAT  \\$a6537$b40$c20050412$lBLL01$h1202
=CAT  \\$a11316$b40$c20090731$lBLL01$h1011
=CAT  \\$a11316$b40$c20090810$lBLL01$h0959
=CAT  \\$aBATCH$b00$c20091209$lBLL01$h0224
=FIN  \\$aY$d20050412
=FMT  \\$a  SE
=LAS  \\$aBATCH$b00$c20091209$lBLL01$h0224
=SRC  \\$aDSS04$bbibld.200404.2.aa
=TCO  \\$aCLA$bCLA$c008

