=LDR  05435cai a2201189 a 4500
=001  008565082
=003  Uk
=005  20221231185610.0
=007  ta
=008  781202c19759999enkqr\l\\f\\\\0\\\a2eng\\
=019  c\$a2387155
=019  c\$a2375808
=020  \\$a9780421216808 (loose-leaf)
=020  \\$a0421216808 (loose-leaf)
=040  \\$aUk$beng$cUk$dUk
=042  \\$aukblsr
=082  04$a346.42032$222
=100  1\$aKemp, David,$d1921-
=245  10$aKemp & Kemp the quantum of damages in personal injury and fatal accident claims.
=246  13$aKemp & Kemp the quantum of damages.
=246  30$aQuantum of damages
=246  13$aQuantum of damages in personal injury claims
=247  10$aQuantum of damages in personal injury and fatal accident claims
=250  \\$a5th ed.
=260  \\$aLondon :$bSweet and Maxwell,$c1975-
=260  3\$aLondon :$bSweet & Maxwell/ Thomson Reuters
=300  \\$av. (loose-leaf) ;$c26 cm.
=310  \\$aUpdated quarterly
=336  \\$atext$2rdacontent
=337  \\$aunmediated$2rdamedia
=338  \\$avolume$2rdacarrier
=500  \\$a4th ed. (1975) revised in 1982 and 2004/5. 2004/5 revised ed. known as 5th ed. and 2004/5 rev. ed.
=500  \\$aIncludes index.
=500  \\$aDescription based on: Work updated to release 111 (July 2009).
=540  \\$aCurrent Copyright Fee: GBP25.00$c0$5Uk
=580  \\$aRelated CD-ROM: Kemp & Kemp personal injury practice
=595  \\$aSEE ALSO 7168.515N FOR H&SS HOLDINGS.
=650  \0$aPersonal injuries$zEngland$vHandbooks, manuals, etc.
=650  \0$aPersonal injuries$zWales$vHandbooks, manuals, etc.
=650  \0$aDamages$zEngland$vHandbooks, manuals, etc.
=650  \0$aDamages$zWales$vHandbooks, manuals, etc.
=700  1\$aKemp, Margaret Sylvia.
=770  0\$tKemp news$x1750-4317
=787  1\$tKemp & Kemp personal injury practice
=852  41$aBritish Library$bHMNTS$jX.0200/1001a$3Release no.1_. 1975_. 24cm
=852  41$aBritish Library$bHMNTS$jYC.1988.b.1225
=852  41$aBritish Library$bDSC$cV$j7168.514000$3VOL. 1, 1954- NO. 68, 1999 *A=1
=852  41$aBritish Library$bHMNTS$jX.0200/1001
=886  2\$2blmarc$a959
=945  \\$aQUANTUM OF DAMAGES IN PERSONAL INJURY AND FATAL ACCIDENT CLAIMS
=959  \\$fHeld but not currently received
=985  \\$aVery messy. Many records - several left alone. Record merged & converted to integrating resource record 1/4/10 CS. Sight of issues from 2004-. Vol. 1 (only) had rev. ed. in 1982. Full rev. ed. in 2004/2005 took place across 2-3 updates. Treated as gradual replacement ed. and kept on same record. ISSN record separated. DO NOT MERGE with #015524115
=ACF  \\$aPrevious Copyright Fee: GBP9.00$c0$e01-apr-2010$fGBP9.00$g0$hC$5Uk
=ACF  \\$aPrevious Copyright Fee: GBP9.00$c0$e01-Jan-2010$fGBP9.00$g0$hC$5Uk
=ACF  \\$aPrevious Copyright Fee: GBP6.00$c0$e01-jan-2008$fGBP6.00$g0$hC$5Uk
=ACF  \\$aPrevious copyright fee: GBP5.00$c0$e01-jul-2002$fGBP5.00$g0$hC$5Uk
=ACF  \\$aCurrent copyright fee: GBP4.40$c0$e01-jul-1998$fGBP4.40$g0$hA$5Uk
=ACF  \\$aCurrent copyright fee: GBP4.20$c0$e01-apr-1997$fGBP4.20$g0$hA$5Uk
=ACF  \\$aPrevious copyright fee: GBP10.50$c0$e01-jan-2011$fGBP10.50$g0$hA$5Uk
=ACF  \\$aPrevious copyright fee: GBP12.00$c0$e01-jan-2012$fGBP12.00$g0$hA$5Uk
=ACF  \\$aPrevious Copyright Fee: GBP12.30$c0$e01-jan-2014$fGBP12.30$g0$hA$5Uk
=ACF  \\$aPrevious Copyright Fee: GBP15.00$c0$e01-jan-2017$fGBP15.00$g0$hA$5Uk
=ACF  \\$aPrevious Copyright Fee: GBP17.50$c0$e01-jan-2018$fGBP17.50$g0$hA$5Uk
=ACF  \\$aPrevious Copyright Fee: GBP20.00$c0$e01-jan-2020$fGBP20.00$g0$hA$5Uk
=CAT  \\$aCONV$b00$c20040425$lBLL90$h0714
=CAT  \\$a8124$b40$c20100401$lBLL01$h1019
=CAT  \\$aBATCH$b00$c20100401$lBLL01$h1414
=CAT  \\$aBATCH-UPD$b00$c20101201$lBLL01$h1218
=CAT  \\$aIPL-CLA$c20101231$lBLL01$h1238
=CAT  \\$aWR11_203$c20111204$lBLL01$h1322
=CAT  \\$aIPL-CLA$c20111230$lBLL01$h1740
=CAT  \\$a7416$b40$c20120529$lBLL01$h1442
=CAT  \\$aBATCH-CLA$b00$c20121104$lBLL01$h1023
=CAT  \\$aWR13.005$c20130323$lBLL01$h1337
=CAT  \\$aBATCH-CLA$c20131217$lBLL01$h1741
=CAT  \\$aIPL-CLA$c20131231$lBLL01$h1939
=CAT  \\$aBATCH-UPD$b00$c20140424$lBLL01$h2040
=CAT  \\$aBATCH-CLA$b00$c20161222$lBLL01$h1710
=CAT  \\$aIPL-CLA$c20161230$lBLL01$h1842
=CAT  \\$a3072$b40$c20170307$lBLL01$h1620
=CAT  \\$a3072$b40$c20170307$lBLL01$h1639
=CAT  \\$aBATCH-CLA$b00$c20171222$lBLL01$h2008
=CAT  \\$aIPL-CLA$c20171231$lBLL01$h1418
=CAT  \\$aBATCH-CLA$b00$c20191219$lBLL01$h1635
=CAT  \\$aIPL-CLA$c20191231$lBLL01$h1743
=CAT  \\$aR2001-1524$c20200127$lBLL01$h1930
=CAT  \\$aBATCH-CLA$b00$c20201204$lBLL01$h1431
=CAT  \\$aIPL-CLA$c20201231$lBLL01$h1942
=CAT  \\$aBATCH-CLA$b00$c20221221$lBLL01$h1736
=CAT  \\$aIPL-CLA$c20221231$lBLL01$h1856
=CFI  0\$aCurrent Copyright Fee: GBP25.00$c0$e01-jan-2023$fGBP25.00$g0$hA$5Uk
=CFI  2\$aPrevious Copyright Fee: GBP22.50$c0$e01-jan-2021$fGBP22.50$g0$hA$5Uk
=FIN  \\$aY
=FMT  \\$a  SE
=LAS  \\$aIPL-CLA$b00$c20221231$lBLL01$h1856
=LEO  \\$aMP22.0000005585
=LEO  \\$aMP10.0000330058
=LEO  \\$aMP10.0000474314
=SRC  \\$aDSS01$bbibmp10.200404.2.aa
=SRC  \\$aISN01$bbibmp22.200404.2.aa
=SRC  \\$aDSS04$bbibld.200404.2.aa
=TCO  \\$aCLA$bCLA$c008

