=LDR  01792cas a22005418a 4500
=001  008567178
=003  Uk
=005  20100323143600.0
=007  ta
=008  040417c20039999enkwr\p\\\\\\\0\\\a0eng\\
=022  0\$a1740-9403$202
=040  \\$aUk$beng$cUk$dUk
=222  \0$aWorks for me
=245  00$aWorks for me.
=260  \\$aLondon :$bMe Media
=263  \\$a200306
=300  \\$av. ;$c30 cm.
=310  \\$aWeekly
=336  \\$atext$2rdacontent
=337  \\$aunmediated$2rdamedia
=338  \\$avolume$2rdacarrier
=852  41$31927-2006$aBritish Library$bNPL$jNEWS12512
=852  41$aBritish Library$bNPL
=852  41$32010-2013; 2015-15th Dec. (2015)$aBritish Library$bNPL$jNEWS.REG1658
=852  41$31995-2009$aBritish Library$bNPL$jNEWS58
=852  41$32004$aBritish Library$bHMNTS$jLOU.356 [2004]
=852  41$32005$aBritish Library$bHMNTS$jLOU.461 [2005]
=985  \\$aISSN pre-pub record. Cannot complete.
=A02  \\$a3020575$z0
=CAT  \\$aCONV$b00$c20040425$lBLL90$h0714
=CAT  \\$aCONV$b00$c20040502$lBLL01$h1257
=CAT  \\$a10973$b40$c20050721$lBLL01$h1415
=CAT  \\$a10932$b40$c20090220$lBLL01$h0919
=CAT  \\$aBATCH$b00$c20091209$lBLL01$h0225
=CAT  \\$aBATCH$b00$c20091214$lBLL01$h0333
=CAT  \\$aBATCH$b00$c20091216$lBLL01$h0114
=CAT  \\$a10932$b40$c20100313$lBLL01$h1450
=CAT  \\$a11130$b40$c20100323$lBLL01$h1436
=CAT  \\$aNPL-008-P$c20110504$lBLL01$h2100
=CAT  \\$aNPL-LOCK$b77$c20140207$lBLL01$h2149
=CAT  \\$aNSB-MIG$b50$c20140215$lBLL01$h0150
=CAT  \\$aRESET-LEV$b50$c20140302$lBLL01$h2327
=FMT  \\$a  SE
=LAS  \\$aRESET-LEV$b50$c20140302$lBLL01$h2327
=LEO  \\$aTC.84720
=SRC  \\$aNPLv17$bbibtc.20070831.aa
=SRC  \\$aDSS04$bbibld.200404.2.aa
=TCO  \\$aCLA$bCLA$c008

