=LDR  04548cai a2200997 a 4500
=001  008567648
=003  Uk
=005  20230210004659.0
=007  td
=008  040417c19589999enkqr\l\\f\\\\0\\\a2eng\\
=020  \\$a9780421007307 (loose-leaf) :$c£777.00
=022  0\$a0142-2995
=040  \\$aUk$beng$cUk$dUk
=042  \\$aukblsr
=082  04$a344.41063635$222
=222  \0$aEncyclopedia of housing law and practice
=245  00$aEncyclopedia of housing law and practice /$cGeneral editor Andrew Arden.
=260  \\$aLondon :$bSweet & Maxwell/ Thomson Reuters,$c1958-
=300  \\$av. (loose-leaf) ;$c26 cm.
=310  \\$aUpdated quarterly
=336  \\$atext$2rdacontent
=337  \\$aunmediated$2rdamedia
=338  \\$avolume$2rdacarrier
=490  0\$aLocal government library
=500  \\$aOriginally edited by Percy Charles Lamb.
=500  \\$aDescription based on: Work updated to release 188 (Apr. 2009).
=504  \\$aIncludes bibliographical references and index.
=540  \\$aCurrent Copyright Fee: GBP25.00$c0$5Uk
=650  \0$aHousing$xLaw and legislation$zGreat Britain$vHandbooks, manuals, etc.
=700  1\$aArden, Andrew.
=700  1\$aLamb, Percy Charles.
=787  08$iCD-ROM version:$tHousing law service$x2051-0195
=852  41$aBritish Library$bHMNTS$jW.P.16820/1a.
=852  41$aBritish Library$bHMNTS$jWP.16820/1
=985  \\$aDo not merge with ISSN record on#009546004. Do not add {dollar}202 or issnuk. CS 1.9.09
=A02  \\$a1023611$z23611
=ACF  \\$aPrevious Copyright Fee: GBP12.00$c0$e01-apr-2012$fGBP12.00$g0$hC$5Uk
=ACF  \\$aPrevious Copyright Fee: GBP12.00$c0$e01-jan-2012$fGBP12.00$g0$hC$5Uk
=ACF  \\$aPrevious Copyright Fee: GBP10.50$c0$e01-oct-2011$fGBP10.50$g0$hC$5Uk
=ACF  \\$aPrevious Copyright Fee: GBP10.50$c0$e01-jul-2011$fGBP10.50$g0$hC$5Uk
=ACF  \\$aPrevious Copyright Fee: GBP10.50$c0$e01-apr-2011$fGBP10.50$g0$hC$5Uk
=ACF  \\$aPrevious Copyright Fee: GBP10.50$c0$e01-jan-2011$fGBP10.50$g0$hC$5Uk
=ACF  \\$aPrevious Copyright Fee: GBP9.00$c0$e01-oct-2010$fGBP9.00$g0$hC$5Uk
=ACF  \\$aPrevious Copyright Fee: GBP9.00$c0$e01-jul-2010$fGBP9.00$g0$hC$5Uk
=ACF  \\$aPrevious Copyright Fee: GBP9.00$c0$e01-apr-2010$fGBP9.00$g0$hC$5Uk
=ACF  \\$aPrevious Copyright Fee: GBP9.00$c0$e01-Jan-2010$fGBP9.00$g0$hC$5Uk
=ACF  \\$aPrevious Copyright Fee: GBP12.00$c0$e01-jul-2012$fGBP12.00$g0$hC$5Uk
=ACF  \\$aPrevious Copyright Fee: GBP12.00$c0$e01-oct-2012$fGBP12.00$g0$hC$5Uk
=ACF  \\$aPrevious Copyright Fee: GBP12.30$c0$e01-apr-2015$fGBP12.30$g0$hC$5Uk
=ACF  \\$aPrevious Copyright Fee: GBP15.00$c0$e01-jan-2017$fGBP15.00$g0$hC$5Uk
=ACF  \\$aPrevious Copyright Fee: GBP17.50$c0$e01-jan-2018$fGBP17.50$g0$hC$5Uk
=ACF  \\$aPrevious Copyright Fee: GBP20.00$c0$e01-jan-2020$fGBP20.00$g0$hC$5Uk
=ACF  \\$aPrevious Copyright Fee: GBP22.50$c0$e01-jan-2021$fGBP22.50$g0$hC$5Uk
=CAT  \\$aCONV$b00$c20040425$lBLL90$h0714
=CAT  \\$aBATCH-CLA$b00$c20111130$lBLL01$h1217
=CAT  \\$aIPL-CLA$c20111230$lBLL01$h1740
=CAT  \\$aBATCH-CLA$b00$c20120229$lBLL01$h1640
=CAT  \\$aIPL-CLA$c20120330$lBLL01$h1400
=CAT  \\$aBATCH-CLA$b00$c20120531$lBLL01$h1719
=CAT  \\$aIPL-CLA$c20120629$lBLL01$h0957
=CAT  \\$aBATCH-CLA$b00$c20120831$lBLL01$h1547
=CAT  \\$aIPL-CLA$c20120930$lBLL01$h2016
=CAT  \\$aBATCH-CLA$b00$c20121104$lBLL01$h1023
=CAT  \\$a3072$b40$c20121120$lBLL01$h1547
=CAT  \\$a3072$b40$c20121121$lBLL01$h1117
=CAT  \\$aBATCH-CLA$b00$c20150227$lBLL01$h1631
=CAT  \\$aIPL-CLA$c20150331$lBLL01$h1618
=CAT  \\$aBATCH-CLA$b00$c20161130$lBLL01$h1648
=CAT  \\$aIPL-CLA$c20161230$lBLL01$h1842
=CAT  \\$aBATCH-CLA$b00$c20171130$lBLL01$h1715
=CAT  \\$aIPL-CLA$c20171231$lBLL01$h1418
=CAT  \\$aBATCH-CLA$b00$c20191129$lBLL01$h1631
=CAT  \\$aIPL-CLA$c20191231$lBLL01$h1743
=CAT  \\$aBATCH-CLA$b00$c20201126$lBLL01$h1421
=CAT  \\$aIPL-CLA$c20201231$lBLL01$h1942
=CAT  \\$aBATCH-CLA$b00$c20221130$lBLL01$h1458
=CAT  \\$aIPL-CLA$c20221231$lBLL01$h1856
=CAT  \\$aBATCH-CLA$b00$c20230209$lBLL01$h1545
=CAT  \\$aIPL-CLA$c20230210$lBLL01$h0046
=CFI  0\$aCurrent Copyright Fee: GBP25.00$c0$e09-feb-2023$fGBP25.00$g0$hC$5Uk
=CFI  2\$aBritish Library not licensed to copy$c0$e01-jan-2023$hC$iCFP Excluded$5Uk
=FIN  \\$aY$d20090901
=FMT  \\$a  SE
=LAS  \\$aIPL-CLA$b00$c20230210$lBLL01$h0046
=SRC  \\$aDSS04$bbibld.200404.2.aa
=TCO  \\$aCLA$bCLA$c008

