=LDR  03152cai a2200817 a 4500
=001  008569665
=003  Uk
=005  20230605133802.0
=007  td
=008  040417c19919999enkuu\l\\f\\\\0\\\a2eng\\
=019  y\$ab9332310
=019  9\$ab9332310
=020  \\$a185044367X :$c£195.00
=022  \\$a2472-9418
=040  \\$aUk$beng$cUk$dUk
=042  \\$aukblsr
=082  04$a347.4109$220
=100  1\$aMerkin, Robert M.
=222  \0$aArbitration law$b(Print)
=245  10$aArbitration law /$cby Robert Merkin.
=260  \\$aLondon :$bLLoyd's of London Press,$c1991-
=260  3\$aLondon :$bInforma.
=300  \\$a1 v. (looseleaf) ;$c26 cm.
=310  \\$aUpdated three times yearly
=336  \\$atext$2rdacontent
=337  \\$aunmediated$2rdamedia
=338  \\$avolume$2rdacarrier
=500  \\$aUpdates called: Service issues.
=500  \\$aDescription based on: Work updated to service issue number 73 (19 May 2016).
=540  \\$aCurrent Copyright Fee: GBP25.00$c0$5Uk
=650  \0$aArbitration and award$zGreat Britain$vHandbooks, manuals, etc.
=650  \0$aArbitration, International$vHandbooks, manuals, etc.
=852  41$aBritish Library$bHMNTS$jZC.9.a.3861
=985  \\$aRecord merged & converted to Integrating resource record 25/2/10
=985  \\$aSee separate ISSN record.
=A02  \\$a1037186$z37186
=ACF  \\$aPrevious Copyright Fee: GBP15.00$c0$e01-jan-2017$fGBP15.00$g0$hC$5Uk
=ACF  \\$aPrevious Copyright Fee: GBP17.50$c0$e01-jan-2018$fGBP17.50$g0$hC$5Uk
=ACF  \\$aPrevious Copyright Fee: GBP20.00$c0$e01-jan-2020$fGBP20.00$g0$hC$5Uk
=ACF  \\$aPrevious Copyright Fee: GBP22.50$c0$e01-jan-2021$fGBP22.50$g0$hC$5Uk
=CAT  \\$aCONV$b00$c20040425$lBLL90$h0714
=CAT  \\$aCONV$b00$c20040502$lBLL01$h1257
=CAT  \\$a11313$b40$c20051109$lBLL01$h1403
=CAT  \\$aBATCH$b00$c20091209$lBLL01$h0226
=CAT  \\$aBATCH$b00$c20091214$lBLL01$h0334
=CAT  \\$aBATCH$b00$c20091216$lBLL01$h0114
=CAT  \\$a8124$b40$c20100225$lBLL01$h1225
=CAT  \\$a8124$b40$c20100225$lBLL01$h1230
=CAT  \\$a8124$b40$c20160915$lBLL01$h1006
=CAT  \\$aBATCH-CLA$b00$c20161130$lBLL01$h1634
=CAT  \\$aIPL-CLA$c20161230$lBLL01$h1842
=CAT  \\$aBATCH-CLA$b00$c20171130$lBLL01$h1645
=CAT  \\$aIPL-CLA$c20171231$lBLL01$h1418
=CAT  \\$aBATCH-CLA$b00$c20191129$lBLL01$h1619
=CAT  \\$aIPL-CLA$c20191231$lBLL01$h1743
=CAT  \\$aBATCH-CLA$b00$c20201126$lBLL01$h1413
=CAT  \\$aIPL-CLA$c20201231$lBLL01$h1942
=CAT  \\$aBATCH-CLA$b00$c20221130$lBLL01$h1446
=CAT  \\$aIPL-CLA$c20221231$lBLL01$h1856
=CAT  \\$aBATCH-CLA$b00$c20230209$lBLL01$h1533
=CAT  \\$aIPL-CLA$c20230210$lBLL01$h0047
=CAT  \\$a10806$b40$c20230605$lBLL01$h1338
=CFI  0\$aCurrent Copyright Fee: GBP25.00$c0$e09-feb-2023$fGBP25.00$g0$hC$5Uk
=CFI  2\$aBritish Library not licensed to copy$c0$e01-jan-2023$hC$iCFP Excluded$5Uk
=FIN  \\$aY
=FMT  \\$a  SE
=LAS  \\$a10806$b40$c20230605$lBLL01$h1338
=LEO  \\$aMP5.0000809268
=SRC  \\$aBNB03$bbibmp5.200404.2.ab
=SRC  \\$aDSS04$bbibld.200404.2.aa
=TCO  \\$aCLA$bCLA$c008

