=LDR  01922 as a2200481 a 4500
=001  008571123
=003  Uk
=005  20060202150713.0
=007  ta
=008  040417c20049999enkuu\p\\\\\\\0\\\a0eng\\
=015  \\$aGBA613136$2bnb
=040  \\$aUk$beng$cUk
=042  \\$aukblsr
=082  04$a332.7220941$222
=245  00$aRemortgage.
=260  \\$aLondon :$bMatching Hat Ltd,$c2004-
=300  \\$av. :$bill. (some col.) ;$c30 cm.
=336  \\$atext$2rdacontent
=337  \\$aunmediated$2rdamedia
=338  \\$avolume$2rdacarrier
=362  0\$aJan./Feb. 2004-
=490  0\$aYour money guide$x1742-805X
=500  \\$a"Exclusive to WHS"
=650  \0$aMortgage loans$zGreat Britain$vPeriodicals.
=690  7\$aManagement and Business Studies$2blcoll
=780  00$tYour money guide. Money saving mortgages$x1742-1802
=852  41$aBritish Library$bHMNTS$jZK.9.b.22023$3January/February (2004)-March/April 2006.
=985  \\$aComplexity surrounds the ISSN assignment. ISSN was assigned ahead of publication to the series "Your money guide" as WH Smith needed a barcode, but the previous title to this was constructed using "Your money guide" as the parent title and a new ISSN assigned by the cataloguer to the individual title.
=CAT  \\$aCONV$b00$c20040425$lBLL90$h0714
=CAT  \\$a8483$b40$c20060111$lBLL01$h1426
=CAT  \\$a8483$b40$c20060111$lBLL01$h1431
=CAT  \\$a8483$b40$c20060111$lBLL01$h1454
=CAT  \\$a8483$b40$c20060111$lBLL01$h1458
=CAT  \\$a8483$b40$c20060111$lBLL01$h1459
=CAT  \\$a8483$b40$c20060202$lBLL01$h1507
=CAT  \\$aBATCH$b00$c20090527$lBLL01$h1804
=CAT  \\$aWR14_140$c20140905$lBLL01$h1730
=FIN  \\$aY$d20060111
=FMT  \\$a  SE
=LAS  \\$aWR14_140$b00$c20140905$lBLL01$h1730
=LKR  \\$aPAR$b007894410$lBLL01$r78000$mRemortgage.$nYour money guide. Money saving mortgages
=SRC  \\$aDSS04$bbibld.200404.2.aa
=TCO  \\$aCLA$bCLA$c008

