=LDR  02145 as a2200661 a 4500
=001  008571125
=003  Uk
=005  20130920110514.0
=006  ab\\\|||||||||||||
=008  000204d1999200uenkar\p\\\\\\\0\\\u0eng\\
=015  \\$aGBA011357$2bnb
=019  y\$abA011357
=019  9\$abA011357
=019  1\$abA011357
=039  0\$a2578
=040  \\$aUk$cUk
=082  04$a917.940454$221
=245  00$aLet's go.$pCalifornia.
=246  13$aLet's go.$pCalifornia, including Hawaii
=246  30$aCalifornia
=246  30$aCalifornia, including Hawaii
=260  \\$aLondon (25 Eccleston Place, London SW1W 9NF) :$bMacmillan,$c1999-
=300  \\$av. :$bmaps ;$c21 cm.
=310  \\$aAnnual
=336  \\$atext$2rdacontent
=337  \\$aunmediated$2rdamedia
=338  \\$avolume$2rdacarrier
=362  0\$a1999-
=362  1\$aCeased in (2009)?
=500  \\$a"Including Hawaii, Reno, Las Vegas, the Grand Canyon, Tijuana, and Ensenada."
=500  \\$aIssues for <2001-> do not include information on Hawaii.
=651  \0$aCalifornia$vGuidebooks.
=651  \0$aHawaii$vGuidebooks.
=780  00$tLet's go. The budget guide to California$x1082-412X
=785  17$aHawaii
=852  41$aBritish Library$bHMNTS$jZK.9.a.3903
=985  \\$aNot the same as ISSN 1546-6876-Agrred by ISSN UK
=985  \\$aRecord merged by DQ Team
=A02  \\$a1089423$z89423
=CAT  \\$aCONV$b00$c20040425$lBLL90$h0714
=CAT  \\$aCONV$b00$c20040502$lBLL01$h1257
=CAT  \\$a8874$b40$c20050318$lBLL01$h1138
=CAT  \\$a11439$b40$c20050329$lBLL01$h1044
=CAT  \\$a11439$b40$c20050329$lBLL01$h1115
=CAT  \\$a11439$b40$c20050329$lBLL01$h1119
=CAT  \\$a11439$b40$c20050329$lBLL01$h1302
=CAT  \\$aBATCH$b00$c20091122$lBLL01$h0044
=CAT  \\$a7792$b40$c20130920$lBLL01$h1105
=CAT  \\$aWR14_140$c20140905$lBLL01$h1730
=FIN  \\$aY
=FMT  \\$a  SE
=LAS  \\$aWR14_140$b00$c20140905$lBLL01$h1730
=LEO  \\$aMP5.0001452662
=LEO  \\$aMP13.0000224990
=SRC  \\$aBNB03$bbibmp5.200404.2.ac
=SRC  \\$aHSS01$bbibmp13.200404.2.aa
=SRC  \\$aDSS04$bbibld.200404.2.aa
=TCO  \\$aCLA$bCLA$c008

