=LDR  04861cas a2201093ua 4500
=001  008571806
=003  Uk
=005  20230210004703.0
=007  ta
=008  040417d19952012enkqr\p\\\\\\\0\\\a0eng\\
=019  1\$abld0052879
=022  \\$a0962-1636$y0961-737X
=040  \\$aUk$cUk$dUk
=042  \\$aukblsr
=082  \\$a647.9405$222$qUK-WkNB
=110  2\$aExpotel Hotel Reservations (Firm)
=222  \0$aDial$b(London)
=245  10$aDial :$bthe magazine of Expotel Hotel Reservations.
=246  1\$iMinor title change:$aDial Expotel,$fsummer/autumn 2010-
=260  \\$aLondon :$bExpotel Hotel Reservations
=260  2\$a[Great Britain] :$bEditorial Design Concepts
=260  3\$a[London] :$bSequel Group, for Expotel
=300  \\$av. :$bcol. ill., col. ports. ;$c30 cm.
=336  \\$atext$2rdacontent
=337  \\$aunmediated$2rdamedia
=338  \\$avolume$2rdacarrier
=500  \\$aDescription based on: Autumn 1995 issue.
=500  \\$aBound tête-bêche with: Expotel events.
=540  \\$aCurrent Copyright Fee: GBP25.00$c0$5Uk
=588  \\$aLatest issue consulted: Autumn/winter 2011.
=740  02$aExpotel events
=780  00$aExpotel Executive Travel$tDial$x0962-1636
=780  05$tConsol (Expotel Hotel Reservations (Firm). Conference Solutions)
=852  41$aBritish Library$bSTI$jBIPC Trade Literature
=852  41$aBritish Library$bHMNTS$jZK.9.b.11173$3[199-]-
=957  \\$a970121c
=985  \\$aCorrected by MS generated file for WR# 12.018
=985  \\$aRecord merged by DQ team
=985  \\$aSeparate ISSN UK record exists #013614524.
=A02  \\$a1074045$z74045
=ACF  \\$aPrevious Copyright Fee: GBP12.00$c0$e01-apr-2012$fGBP12.00$g0$hC$5Uk
=ACF  \\$aPrevious Copyright Fee: GBP12.00$c0$e01-jan-2012$fGBP12.00$g0$hC$5Uk
=ACF  \\$aPrevious Copyright Fee: GBP10.50$c0$e01-oct-2011$fGBP10.50$g0$hC$5Uk
=ACF  \\$aPrevious Copyright Fee: GBP10.50$c0$e01-jul-2011$fGBP10.50$g0$hC$5Uk
=ACF  \\$aPrevious Copyright Fee: GBP10.50$c0$e01-apr-2011$fGBP10.50$g0$hC$5Uk
=ACF  \\$aPrevious Copyright Fee: GBP10.50$c0$e01-jan-2011$fGBP10.50$g0$hC$5Uk
=ACF  \\$aPrevious Copyright Fee: GBP9.00$c0$e01-oct-2010$fGBP9.00$g0$hC$5Uk
=ACF  \\$aPrevious Copyright Fee: GBP9.00$c0$e01-jul-2010$fGBP9.00$g0$hC$5Uk
=ACF  \\$aPrevious Copyright Fee: GBP12.00$c0$e01-jul-2012$fGBP12.00$g0$hC$5Uk
=ACF  \\$aPrevious Copyright Fee: GBP12.00$c0$e01-oct-2012$fGBP12.00$g0$hC$5Uk
=ACF  \\$aPrevious Copyright Fee: GBP12.30$c0$e01-jan-2014$fGBP12.30$g0$hC$5Uk
=ACF  \\$aPrevious Copyright Fee: GBP15.00$c0$e01-jan-2017$fGBP15.00$g0$hC$5Uk
=ACF  \\$aPrevious Copyright Fee: GBP17.50$c0$e01-jan-2018$fGBP17.50$g0$hC$5Uk
=ACF  \\$aPrevious Copyright Fee: GBP20.00$c0$e01-jan-2020$fGBP20.00$g0$hC$5Uk
=ACF  \\$aPrevious Copyright Fee: GBP22.50$c0$e01-jan-2021$fGBP22.50$g0$hC$5Uk
=CAT  \\$aCONV$b00$c20040425$lBLL90$h0714
=CAT  \\$aIPL-CLA$c20110930$lBLL01$h1514
=CAT  \\$aBATCH-CLA$b00$c20111130$lBLL01$h1222
=CAT  \\$aIPL-CLA$c20111230$lBLL01$h1740
=CAT  \\$a10806$b40$c20120106$lBLL01$h1132
=CAT  \\$aBATCH-CLA$b00$c20120229$lBLL01$h1630
=CAT  \\$aIPL-CLA$c20120330$lBLL01$h1401
=CAT  \\$aBATCH-CLA$b00$c20120531$lBLL01$h1726
=CAT  \\$aIPL-CLA$c20120629$lBLL01$h0957
=CAT  \\$aBLSS-CORR$b00$c20120724$lBLL01$h1755
=CAT  \\$aBATCH-CLA$b00$c20120831$lBLL01$h1555
=CAT  \\$aIPL-CLA$c20120930$lBLL01$h2016
=CAT  \\$aBATCH-CLA$b00$c20121104$lBLL01$h1022
=CAT  \\$aBATCH-CLA$b00$c20131129$lBLL01$h1704
=CAT  \\$aIPL-CLA$c20131231$lBLL01$h1940
=CAT  \\$aBATCH-CLA$b00$c20161130$lBLL01$h1649
=CAT  \\$aIPL-CLA$c20161230$lBLL01$h1842
=CAT  \\$aBATCH-CLA$b00$c20171130$lBLL01$h1717
=CAT  \\$aIPL-CLA$c20171231$lBLL01$h1418
=CAT  \\$aBATCH-CLA$b00$c20191129$lBLL01$h1631
=CAT  \\$aIPL-CLA$c20191231$lBLL01$h1743
=CAT  \\$aBATCH-CLA$b00$c20201126$lBLL01$h1422
=CAT  \\$aIPL-CLA$c20201231$lBLL01$h1942
=CAT  \\$a7764$b40$c20210219$lBLL01$h1222
=CAT  \\$aBATCH-CLA$b00$c20221130$lBLL01$h1501
=CAT  \\$aIPL-CLA$c20221231$lBLL01$h1856
=CAT  \\$aBATCH-CLA$b00$c20230209$lBLL01$h1548
=CAT  \\$aIPL-CLA$c20230210$lBLL01$h0047
=CFI  0\$aCurrent Copyright Fee: GBP25.00$c0$e09-feb-2023$fGBP25.00$g0$hC$5Uk
=CFI  2\$aBritish Library not licensed to copy$c0$e01-jan-2023$hC$iCFP Excluded$5Uk
=FIN  \\$aY
=FMT  \\$a  SE
=LAS  \\$aIPL-CLA$b00$c20230210$lBLL01$h0047
=LEO  \\$aMP13.0000181432
=LKR  \\$aPAR$b007209423$lBLL01$r78000$mDial : the magazine of Expotel Hotel Reservations.$nDial (London)
=LKR  \\$aPAR$b008571503$lBLL01$r78005$mDial (London)$nConsol.
=SRC  \\$aDSS04$bbibld.200404.2.aa
=SRC  \\$aHSS01$bbibmp13.200404.2.aa
=TCO  \\$aCLA$bCLA$c008

