=LDR  01108 as a22003737a 4500
=001  008572284
=003  Uk
=005  20151030144912.0
=007  ta
=008  040417d19991999enk\x\\\\\\\\\0\\\a0eng\\
=022  \\$y1466-677x
=040  \\$aUk$beng$cUk$erda
=082  04$a746.443$223
=245  00$aCross stitcher best.
=264  \1$aBath :$bFuture Publishing,$c1999.
=336  \\$atext$2rdacontent
=337  \\$aunmediated$2rdamedia
=338  \\$avolume$2rdacarrier
=362  0\$aIssue 1 (Summer Special).
=650  \0$aCross-stitch$vPeriodicals.
=852  41$aBritish Library$bHMNTS$jZK.9.b.14746
=985  \\$aISSN suppressed at 012909209.
=A02  \\$a1094560$z94560
=CAT  \\$aCONV$b00$c20040425$lBLL90$h0714
=CAT  \\$aCONV$b00$c20040502$lBLL01$h1257
=CAT  \\$aBATCH$b00$c20091209$lBLL01$h0227
=CAT  \\$aBATCH$b00$c20091214$lBLL01$h0335
=CAT  \\$aBATCH$b00$c20091216$lBLL01$h0115
=CAT  \\$a8483$b40$c20151030$lBLL01$h1449
=FIN  \\$aY$d20151030
=FMT  \\$a  SE
=LAS  \\$a8483$b40$c20151030$lBLL01$h1449
=SRC  \\$aDSS04$bbibld.200404.2.aa
=TCO  \\$aZZZ$c008

