=LDR  05404cas a2201189 a 4500
=001  008585399
=003  Uk
=005  20221231143522.0
=007  ta
=008  970303d19952007at\fr\p\\\\\\\0\\\a0eng\\
=019  1\$abld0052980
=019  c\$a2585513
=022  \\$a1326-0219
=040  \\$aUk$cUk$dUk
=041  0\$aeng$aspa
=082  00$a909.097561$222
=222  \0$aJournal of Iberian and Latin American Studies
=245  00$aJournal of Iberian and Latin American studies.
=246  30$aIberian and Latin American studies
=246  13$aJILAS$fJuly 1998-
=246  13$aJ.I.L.A.S.
=260  \\$aAdelaide :$bAssociation of Iberian and Latin American Studies of Australasia,$c1995-
=300  \\$av. ;$c25 cm.
=310  \\$aSemi-annual
=336  \\$atext$2rdacontent
=337  \\$aunmediated$2rdamedia
=338  \\$avolume$2rdacarrier
=362  0\$aVol. 1, no. 1/2 (Dec. 1995)-v. 13, no. 2 (Dec. 2007).
=515  \\$aSome numbers issued in combined form.
=540  \\$aCurrent copyright fee: GBP37.00$c2\0$5Uk
=546  \\$aIn English; some articles in Spanish.
=550  \\$aOfficial journal of the Association of Iberian and Latin American Studies of Australasia (AILASA).
=595  \\$aSEE ALSO CARD INDEX.
=650  \0$aCivilization, Hispanic$vPeriodicals.
=651  \0$aLatin America$vPeriodicals.
=651  \0$aSpain$vPeriodicals.
=651  \0$aPortugal$vPeriodicals.
=710  2\$aAssociation of Iberian and Latin American Studies of Australasia.
=785  00$tJournal of Iberian and Latin American research
=852  41$aBritish Library$bHMNTS$jZA.9.a.8062$3Vol. 1, no. 1/2 (Dec. 1995)-v. 12, no. 2 (Dec. 2006), v. 13, no. 2 (Dec. 2007)
=856  \\$31850-9999$uhttp://www.tandfonline.com/$xBLDSS
=945  \\$aJOURNAL OF IBERIAN AND LATIN AMERICAN STUDIES -ADELAIDE-.
=957  \\$a970205p
=979  \\$aBritish Library$bDSC$j5004.527500N
=985  \\$aISSN record on Portal does not record this C/T, but PDFs seen on the Taylor & Francis Online web site support it.
=ACF  \\$aPrevious Copyright Fee: GBP26.00$c0$e01-apr-2012$fGBP26.00$g0$hC$5Uk
=ACF  \\$aPrevious Copyright Fee: GBP26.00$c0$e01-jan-2012$fGBP26.00$g0$hC$5Uk
=ACF  \\$aPrevious Copyright Fee: GBP22.26$c0$e01-oct-2011$fGBP22.26$g0$hC$5Uk
=ACF  \\$aPrevious Copyright Fee: GBP22.26$c0$e01-jul-2011$fGBP22.26$g0$hC$5Uk
=ACF  \\$aPrevious Copyright Fee: GBP22.26$c0$e01-apr-2011$fGBP22.26$g0$hC$5Uk
=ACF  \\$aPrevious Copyright Fee: GBP22.26$c0$e01-jan-2011$fGBP22.26$g0$hC$5Uk
=ACF  \\$aPrevious copyright fee: GBP5.00$c0$e01-jul-2002$fGBP5.00$g0$hC$5Uk
=ACF  \\$aCurrent copyright fee: GBP4.40$c0$e18-aug-2000$fGBP4.40$g0$hA$5Uk
=ACF  \\$aPrevious Copyright Fee: GBP26.00$c0$e01-jul-2012$fGBP26.00$g0$hC$5Uk
=ACF  \\$aPrevious Copyright Fee: GBP26.00$c0$e01-oct-2012$fGBP26.00$g0$hC$5Uk
=ACF  \\$aPrevious Copyright Fee: GBP27.00$c0$e01-jan-2013$fGBP27.00$g0$hC$5Uk
=ACF  \\$aPrevious Copyright Fee: GBP28.75$c0$e01-jan-2015$fGBP28.75$g0$hC$5Uk
=ACF  \\$aPrevious Copyright Fee: GBP27.60$c0$e01-jan-2014$fGBP27.60$g0$hC$5Uk
=ACF  \\$aPrevious Copyright Fee: GBP25.00$c2\0$e03-feb-2015$fGBP25.00$g0$hP$5Uk
=ACF  \\$aPrevious copyright fee: GBP26.00$c2\0$e01-jan-2016$fGBP26.00$g0$hP$5Uk
=ACF  \\$aPrevious copyright fee: GBP28.00$c2\0$e01-jan-2017$fGBP28.00$g0$hP$5Uk
=ACF  \\$aPrevious copyright fee: GBP30.00$c2\0$e01-jan-2018$fGBP30.00$g0$hP$5Uk
=ACF  \\$aPrevious copyright fee: GBP32.00$c2\0$e01-jan-2019$fGBP32.00$g0$hP$5Uk
=ACF  \\$aPrevious copyright fee: GBP34.00$c2\0$e01-jan-2020$fGBP34.00$g0$hP$5Uk
=CAT  \\$aCONV$b00$c20040425$lBLL90$h0722
=CAT  \\$aIPL-CLA$c20121231$lBLL01$h1248
=CAT  \\$aIPL-CLA$c20130102$lBLL01$h1650
=CAT  \\$aWR13.005$c20130323$lBLL01$h1338
=CAT  \\$aBATCH-CLA$b00$c20131129$lBLL01$h1644
=CAT  \\$aIPL-CLA$c20131231$lBLL01$h1940
=CAT  \\$aBATCH-CLA$b00$c20141128$lBLL01$h0927
=CAT  \\$aIPL-CLA$c20141231$lBLL01$h1642
=CAT  \\$a5552$b40$c20150203$lBLL01$h1127
=CAT  \\$aBLDSS-3PM$b00$c20150513$lBLL01$h0806
=CAT  \\$aBATCH-UPD$b00$c20151119$lBLL01$h1541
=CAT  \\$aIPL-CLA$c20151231$lBLL01$h1908
=CAT  \\$aBATCH-UPD$b00$c20160413$lBLL01$h1804
=CAT  \\$a8483$b40$c20160623$lBLL01$h1421
=CAT  \\$aBATCH-UPD$b40$c20161122$lBLL01$h1510
=CAT  \\$aIPL-CLA$c20161230$lBLL01$h1842
=CAT  \\$aBATCH-UPD$b00$c20171121$lBLL01$h1644
=CAT  \\$aIPL-CLA$c20171231$lBLL01$h1418
=CAT  \\$aBATCH-UPD$b00$c20181217$lBLL01$h1636
=CAT  \\$aIPL-CLA$c20181231$lBLL01$h1534
=CAT  \\$aBATCH-UPD$b00$c20191122$lBLL01$h1858
=CAT  \\$aIPL-CLA$c20191231$lBLL01$h1743
=CAT  \\$aBATCH-UPD$b00$c20201118$lBLL01$h1332
=CAT  \\$aIPL-CLA$c20201231$lBLL01$h1520
=CAT  \\$aBATCH-UPD$b00$c20221121$lBLL01$h1344
=CAT  \\$aIPL-CLA$c20221231$lBLL01$h1435
=CFI  0\$aCurrent copyright fee: GBP37.00$c2\0$e01-jan-2023$fGBP37.00$g0$hP$5Uk
=CFI  2\$aPrevious copyright fee: GBP35.00$c2\0$e01-jan-2021$fGBP35.00$g0$hP$5Uk
=FFP  \\$aY$bBLDSS-3PM
=FIN  \\$aY
=FMT  \\$a  SE
=LAS  \\$aIPL-CLA$b00$c20221231$lBLL01$h1435
=LEO  \\$aMP10.0000322413
=LEO  \\$aMP13.0000181516
=SRC  \\$aDSS01$bbibmp10.200404.2.aa
=SRC  \\$aHSS01$bbibmp13.200404.2.aa
=TCO  \\$aAUS$bCAL$c008
=TOC  \\$aETOC

