=LDR  07451cas a2201513 a 4500
=001  008631637
=003  Uk
=005  20110503120203.0
=007  ta
=008  761117c19629999mduqr\p\\i\\\\0\\\a0eng\\
=019  c\$a2038506
=019  2\$aiolv06555
=019  x\$a1000860043
=019  s\$aoagh09829
=022  0\$a0007-0815
=040  \\$aUk$cUk$dUk
=042  \\$aukblsr
=082  04$a016.052$222
=210  0\$aBr. humanit. index
=222  \0$aBritish humanities index
=245  00$aBritish humanities index.
=246  1\$iAlso on cover of quarterly issues:$aBHI abstracts and indexes$f1998-
=246  1\$iAnnual cumulative vols. for 2009- have cover title:$aBHI annual: British humanities index
=246  1\$iAnnual cumulative vols. for 2009- also called:$aBritish humanities index ... annual cumulative volume
=246  1\$iSpine title of annual cumulative vol.:$aBHI$f1994-
=260  \\$aLondon :$bLibrary Association,$c1962-
=260  2\$31990-1999$aLondon :$bBowker-Saur
=260  2\$32000$aLondon :$bBowker
=260  2\$32001-2006$aTicehurst, East Sussex :$bCambridge Scientific Abstracts
=260  3\$32007-$aBethesda, MD :$bProQuest
=300  \\$av. ;$c25-32 cm.
=310  \\$aQuarterly, with annual cumulation
=336  \\$atext$2rdacontent
=337  \\$aunmediated$2rdamedia
=338  \\$avolume$2rdacarrier
=515  \\$aNo annual cumulative vol. with designation "2008"; quarterly issues for 2008- cumulated in annual vol. for 2009- .
=540  \\$aCurrent Copyright Fee: GBP12.30$c0$5Uk
=588  \\$aLatest issue consulted: 2010 annual cumulative vol.
=595  \\$aFORMERLY 8503.0 SEE ALSO SERIAL STORES AND SERIAL RECORDS ID SEE ALSO CARD INDEX.
=650  \0$aHumanities$xPeriodicals$vIndexes.
=710  2\$aLibrary Association.
=776  0\$tBHI (East Grinstead. CD-ROM)$x0966-8772
=780  01$tSubject index to periodicals
=787  0\$tWomen in BHI$x0957-1663
=852  41$aBritish Library$bDSC$j2301.700000$3(1962)-issue 4 (2009)***UKRR-Excluded-Out of Scope
=852  11$aBritish Library$bHMNTS$cSPHOA$kHUL$h011.340941$3(1962)-(1975); (1979)-index (2017)***UKRR-Excluded-Out of Scope
=852  41$aBritish Library$bOC$jSW 105$31962-1976***UKRR-Excluded-Out of Scope
=852  41$aBritish Library$bHMNTS$jPP.8000.mh$31962-2003***UKRR-Excluded-Out of Scope
=945  \\$aBRITISH HUMANITIES INDEX.
=959  \\$fHeld but not currently received
=963  \\$a1962- *A=1$bY$cR907.18
=985  \\$aRecord merged by DQ team
=985  \\$aTransfer of ISSN to USA in progress
=ACF  \\$aPrevious Copyright Fee: GBP12.00$c0$e01-apr-2012$fGBP12.00$g0$hC$5Uk
=ACF  \\$aPrevious Copyright Fee: GBP12.00$c0$e01-jan-2012$fGBP12.00$g0$hC$5Uk
=ACF  \\$aPrevious Copyright Fee: GBP10.50$c0$e01-oct-2011$fGBP10.50$g0$hC$5Uk
=ACF  \\$aPrevious Copyright Fee: GBP10.50$c0$e01-jul-2011$fGBP10.50$g0$hC$5Uk
=ACF  \\$aPrevious Copyright Fee: GBP10.50$c0$e01-apr-2011$fGBP10.50$g0$hC$5Uk
=ACF  \\$aPrevious Copyright Fee: GBP10.50$c0$e01-jan-2011$fGBP10.50$g0$hC$5Uk
=ACF  \\$aPrevious Copyright Fee: GBP9.00$c0$e01-oct-2010$fGBP9.00$g0$hC$5Uk
=ACF  \\$aPrevious Copyright Fee: GBP9.00$c0$e01-jul-2010$fGBP9.00$g0$hC$5Uk
=ACF  \\$aPrevious Copyright Fee: GBP9.00$c0$e01-apr-2010$fGBP9.00$g0$hC$5Uk
=ACF  \\$aPrevious Copyright Fee: GBP9.00$c0$e01-Jan-2010$fGBP9.00$g0$hC$5Uk
=ACF  \\$aPrevious Copyright Fee: GBP6.00$c0$e01-oct-2009$fGBP6.00$g0$hC$5Uk
=ACF  \\$aPrevious Copyright Fee: GBP6.00$c0$e01-jul-2009$fGBP6.00$g0$hC$5Uk
=ACF  \\$aPrevious Copyright Fee: GBP6.00$c0$e01-apr-2009$fGBP6.00$g0$hC$5Uk
=ACF  \\$aPrevious Copyright Fee: GBP6.00$c0$e01-jan-2009$fGBP6.00$g0$hC$5Uk
=ACF  \\$aPrevious Copyright Fee: GBP6.00$c0$e01-oct-2008$fGBP6.00$g0$hC$5Uk
=ACF  \\$aPrevious Copyright Fee: GBP6.00$c0$e01-jul-2008$fGBP6.00$g0$hC$5Uk
=ACF  \\$aPrevious Copyright Fee: GBP6.00$c0$e01-apr-2008$fGBP6.00$g0$hC$5Uk
=ACF  \\$aPrevious Copyright Fee: GBP6.00$c0$e01-jan-2008$fGBP6.00$g0$hC$5Uk
=ACF  \\$aPrevious Copyright Fee: GBP5.00$c0$e01-oct-2007$fGBP5.00$g0$hC$5Uk
=ACF  \\$aPrevious Copyright Fee: GBP5.00$c0$e01-jul-2007$fGBP5.00$g0$hC$5Uk
=ACF  \\$aPrevious Copyright Fee: GBP5.00$c0$e01-apr-2007$fGBP5.00$g0$hC$5Uk
=ACF  \\$aPrevious Copyright Fee: GBP5.00$c0$e01-jan-2007$fGBP5.00$g0$hC$5Uk
=ACF  \\$aPrevious Copyright Fee: GBP5.00$c0$e01-oct-2006$fGBP5.00$g0$hC$5Uk
=ACF  \\$aPrevious Copyright Fee: GBP5.00$c0$e01-jul-2006$fGBP5.00$g0$hC$5Uk
=ACF  \\$aPrevious Copyright Fee: GBP5.00$c0$e01-apr-2006$fGBP5.00$g0$hC$5Uk
=ACF  \\$aPrevious Copyright Fee: GBP5.00$c0$e01-jan-2006$fGBP5.00$g0$hC$5Uk
=ACF  \\$aPrevious Copyright Fee: GBP5.00$c0$e01-oct-2005$fGBP5.00$g0$hC$5Uk
=ACF  \\$aPrevious Copyright Fee: GBP5.00$c0$e01-jul-2005$fGBP5.00$g0$hC$5Uk
=ACF  \\$aPrevious Copyright Fee: GBP5.00$c0$e01-apr-2005$fGBP5.00$g0$hC$5Uk
=ACF  \\$aPrevious Copyright Fee: GBP5.00$c0$e01-jan-2005$fGBP5.00$g0$hC$5Uk
=ACF  \\$aPrevious Copyright Fee: GBP5.00$c0$e01-oct-2004$fGBP5.00$g0$hC$5Uk
=ACF  \\$aBritish Library not licensed to copy$c0$e24-may-2002$g0$hC$iCLA-excluded$5Uk
=ACF  \\$aBritish Library not licensed to copy$c0$e01-apr-1997$g0$hC$iCLA-excluded$5Uk
=ACF  \\$aPrevious Copyright Fee: GBP12.00$c0$e01-jul-2012$fGBP12.00$g0$hC$5Uk
=CAT  \\$aCONV$b00$c20040425$lBLL90$h0732
=CAT  \\$aBATCH-UPD$b00$c20100630$lBLL01$h1947
=CAT  \\$aIPL-CLA$c20100630$lBLL01$h2013
=CAT  \\$aBATCH-CLA$b00$c20100831$lBLL01$h1543
=CAT  \\$aIPL-CLA$c20100930$lBLL01$h1455
=CAT  \\$aBATCH-CLA$b00$c20101115$lBLL01$h1608
=CAT  \\$aIPL-CLA$c20101231$lBLL01$h1238
=CAT  \\$aBATCH-CLA$b00$c20110228$lBLL01$h1554
=CAT  \\$aIPL-CLA$c20110331$lBLL01$h1434
=CAT  \\$a8871$b40$c20110503$lBLL01$h1202
=CAT  \\$aBATCH-CLA$b00$c20110531$lBLL01$h1637
=CAT  \\$aIPL-CLA$c20110630$lBLL01$h1515
=CAT  \\$aBATCH-CLA$b00$c20110831$lBLL01$h1757
=CAT  \\$aIPL-CLA$c20110930$lBLL01$h1514
=CAT  \\$aBATCH-CLA$b00$c20111130$lBLL01$h1213
=CAT  \\$aIPL-CLA$c20111230$lBLL01$h1741
=CAT  \\$aBATCH-CLA$b00$c20120229$lBLL01$h1604
=CAT  \\$aIPL-CLA$c20120330$lBLL01$h1401
=CAT  \\$aBATCH-CLA$b00$c20120531$lBLL01$h1711
=CAT  \\$aIPL-CLA$c20120629$lBLL01$h0957
=CAT  \\$aBATCH-CLA$b00$c20120831$lBLL01$h1538
=CAT  \\$aIPL-CLA$c20120930$lBLL01$h2016
=CAT  \\$aBATCH-CLA$b00$c20121104$lBLL01$h1022
=CAT  \\$aWR13.005$c20130323$lBLL01$h1342
=CAT  \\$aBATCH-CLA$b00$c20131129$lBLL01$h1634
=CAT  \\$aIPL-CLA$c20131231$lBLL01$h1940
=CFI  0\$aCurrent Copyright Fee: GBP12.30$c0$e01-jan-2014$fGBP12.30$g0$hC$5Uk
=CFI  2\$aPrevious Copyright Fee: GBP12.00$c0$e01-oct-2012$fGBP12.00$g0$hC$5Uk
=FIN  \\$aY
=FMT  \\$a  SE
=LAS  \\$aIPL-CLA$b00$c20131231$lBLL01$h1940
=LEO  \\$aMP10.0000110455
=LEO  \\$aMP13.0000564900
=LEO  \\$aMP22.0000000266
=LEO  \\$aMP1.0001190951
=LKR  \\$aPAR$b010820448$lBLL01$nBHI (East Grinstead. CD-ROM)$mBritish humanities index$r776
=LKR  \\$aPAR$b010816359$lBLL01$nWomen in BHI$mBritish humanities index$r787
=SRC  \\$aBLS01$bbibmp1.200404.2.ab
=SRC  \\$aDSS01$bbibmp10.200404.2.aa
=SRC  \\$aHSS01$bbibmp13.200404.2.ab
=SRC  \\$aISN01$bbibmp22.200404.2.aa
=TCO  \\$aTRS$bCCC$c008

