=LDR  04173cas a2200925 a 4500
=001  008887652
=003  Uk
=005  20221231185920.0
=007  ta
=008  831213c19uu9999enkar\\\\\\\\\0\\\a0eng\\
=019  0\$as22671800x
=019  c\$a2022010
=019  x\$a0701610034
=022  1\$a0962-0753$202
=040  \\$aUk$cUk$dUk
=082  04$a598.072344237$221
=084  \\$aGC 7250$2blsrissc
=130  0\$aAnnual report (Cornwall Bird Watching and Preservation Society)
=222  \0$aBirds in Cornwall ...
=245  10$aAnnual report /$cCornwall Bird-Watching and Preservation Society.
=246  13$aYdhyn yn Kernow
=246  14$aBirds in Cornwall,$f<1991>-
=260  \\$aTruro :$bCornwall Bird Watching and Preservation Society
=300  \\$billustrations (black and white, and colour) ;$c25 cm
=336  \\$atext$2rdacontent
=337  \\$aunmediated$2rdamedia
=338  \\$avolume$2rdacarrier
=500  \\$aPlace of publication varies: St Columb Major, <1991- >; St Buryan, <2016- >.
=540  \\$aCurrent Copyright Fee: GBP25.00$c0$5Uk
=588  \\$aLatest issue consulted: 2015/2016.
=610  20$aCornwall Bird Watching and Preservation Society$vPeriodicals.
=650  \0$aBirds$zEngland$zCornwall (County)$vPeriodicals.
=710  2\$aCornwall Bird Watching and Preservation Society.
=852  41$aBritish Library$bHMNTS$jP.311/19
=852  71$aBritish Library$bSTI$k(P)$hGC 7250$m-E(4)$2blsrissc$332nd (1962)-***Incomplete stock, please check at shelf
=945  \\$aAnnual report- Cornwall Bird Watching and Preservation Society.
=963  \\$a1975- *A=1$bN$cL395.C.147
=968  \\$aC
=979  \\$aBritish Library$bDSC$j1155.835000N
=985  \\$aISSN UK have used the cover title "Birds of Cornwall" as the key title but even after the original title "Annual report" was dropped fom the cover, it appeared on a title page as late as 1996. The 2015/16 issue has "Annual report" printed prominently on the inside front cover. For consistency and to avoid a retrospective c/t, it seems sensible to continue using "Annual report" as the title proper - RB, 31/10/18.
=ACF  \\$aPrevious copyright fee: GBP10.50$c0$e01-jan-2011$fGBP10.50$g0$hA$5Uk
=ACF  \\$aPrevious copyright fee: GBP12.00$c0$e01-jan-2012$fGBP12.00$g0$hA$5Uk
=ACF  \\$aPrevious Copyright Fee: GBP12.30$c0$e01-jan-2014$fGBP12.30$g0$hA$5Uk
=ACF  \\$aPrevious Copyright Fee: GBP15.00$c0$e01-jan-2017$fGBP15.00$g0$hA$5Uk
=ACF  \\$aPrevious Copyright Fee: GBP17.50$c0$e01-jan-2018$fGBP17.50$g0$hA$5Uk
=ACF  \\$aPrevious Copyright Fee: GBP20.00$c0$e01-jan-2020$fGBP20.00$g0$hA$5Uk
=CAT  \\$aCONV$b00$c20040425$lBLL90$h0853
=CAT  \\$aCONV$b00$c20040502$lBLL01$h1307
=CAT  \\$aBATCH$b00$c20091122$lBLL01$h0946
=CAT  \\$aBATCH-UPD$b00$c20110803$lBLL01$h0930
=CAT  \\$a6537$b40$c20130415$lBLL01$h1209
=CAT  \\$aBATCH-CLA$c20131217$lBLL01$h1742
=CAT  \\$aIPL-CLA$c20131231$lBLL01$h1942
=CAT  \\$aBATCH-CLA$b00$c20161222$lBLL01$h1711
=CAT  \\$aIPL-CLA$c20161230$lBLL01$h1845
=CAT  \\$aBATCH-CLA$b00$c20171222$lBLL01$h2009
=CAT  \\$aIPL-CLA$c20171231$lBLL01$h1420
=CAT  \\$a8323$b40$c20181031$lBLL01$h1539
=CAT  \\$a8323$b40$c20181031$lBLL01$h1542
=CAT  \\$aBATCH-CLA$b00$c20191219$lBLL01$h1636
=CAT  \\$aIPL-CLA$c20191231$lBLL01$h1744
=CAT  \\$aR2001-1524$c20200127$lBLL01$h1931
=CAT  \\$aBATCH-CLA$b00$c20201204$lBLL01$h1432
=CAT  \\$aIPL-CLA$c20201231$lBLL01$h1944
=CAT  \\$aBATCH-CLA$b00$c20221221$lBLL01$h1737
=CAT  \\$aIPL-CLA$c20221231$lBLL01$h1859
=CFI  0\$aCurrent Copyright Fee: GBP25.00$c0$e01-jan-2023$fGBP25.00$g0$hA$5Uk
=CFI  2\$aPrevious Copyright Fee: GBP22.50$c0$e01-jan-2021$fGBP22.50$g0$hA$5Uk
=FIN  \\$aY
=FMT  \\$a  SE
=LAS  \\$aIPL-CLA$b00$c20221231$lBLL01$h1859
=LEO  \\$aMP1.0000835363
=LEO  \\$aMP10.0000057286
=LEO  \\$aMP25.0000087804
=LEO  \\$aMP22.0000034545
=SRC  \\$aISN01$bbibmp22.200404.2.aa
=SRC  \\$aBLS01$bbibmp1.200404.2.aa
=SRC  \\$aDSS01$bbibmp10.200404.2.aa
=SRC  \\$aSRI01$bbibmp25.200404.2.aa
=TCO  \\$aCLA$bCLA$c008

