=LDR  05974cas a2201225ui 4500
=001  008888823
=003  Uk
=005  20201124183158.0
=007  ta
=008  781031c19349999ur\uu\p\\\\\\u0\\\c0ukr\\
=019  c\$a2004248
=019  0\$as22987200x
=022  \\$a1028-0987$y0026-3664$y0201-8462
=040  \\$aUk$cUk
=041  0\$aukr$beng$brus
=082  04$a579$221
=084  \\$aDB 20$2blsrissc
=245  00$aMikrobiolohichnyĭ zhurnal.
=246  3\$aMikrobiologičnij žurnal
=246  3\$aMikrobiologičeskij žurnal
=246  3\$aJournal of microbiology
=246  3\$aJournal de microbiologie
=260  \\$aKiev :$bVUAN,$c1934-40; 1952-
=300  \\$c27cm.
=310  \\$aBimonthly
=336  \\$atext$2rdacontent
=337  \\$aunmediated$2rdamedia
=338  \\$avolume$2rdacarrier
=500  \\$aIssued for the Institut mikrobiologii i virusologii imeni D.K. Zabolotnogo.
=500  \\$aAlso entitled "Mikrobiologicheskiĭ zhurnal" and, to 1940, "Journal de microbiologie" or "Journal of microbiology".
=540  \\$aBritish Library not licensed to copy$c0$5Uk
=546  \\$aSummaries in Russian and, from tom 24, in English.
=595  \\$aCONTD AS MIKROBIOLOGICHESKII 0114.77 T. 40, 1978- FORMERLY 0114.77 UP TO T. 55(3), 1993.
=710  2\$aInstitut mikrobiologii i virusologii imeni D.K. Zabolotnogo.
=852  41$aBritish Library$bDSC$j0114.900000$3Vol. 5, no. 1 (1938)-v. 60, no. 6 (1998)***UKRR Retained Title***Stock incomplete
=852  71$aBritish Library$bSTI$k(P)$hDB 20$m-R(3)$2blsrissc$31934- ; Tom 1-7; tom 14, vyp.2-tom 81, no. 6 (2019); Deficient: tom 2, no.4; tom 3, no.1; tom 4, no.2-4; tom 7,no.1-3; tom 14,vyp.3 - tom 16; tom 42, no.6
=945  \\$aMIKROBIOLOHICHNYI ZHURNAL.
=959  \\$fHeld but not currently received
=963  \\$aNO. 1, 1934- 2, 1934 *A=1$bN$cL379.C.9
=968  \\$aC
=975  \\$ad
=985  \\$aISSN UK note: This title reverted back to its original title in 1994. ISSN Portal lists three separate but linked ISSN records. BL record does not follow ISSN records for accessioning purposes. (Richard (Leeds), 04/04/18)
=985  \\$aUpgraded by BSS-generated file for WR2011-1473
=A02  \\$a2004248
=ACF  \\$aPrevious Copyright Fee: GBP1.25$c0$e01-jul-2009$fGBP1.25$g0$hC$5Uk
=ACF  \\$aPrevious Copyright Fee: GBP1.25$c0$e01-apr-2009$fGBP1.25$g0$hC$5Uk
=ACF  \\$aPrevious Copyright Fee: GBP1.09$c0$e01-jan-2009$fGBP1.09$g0$hC$5Uk
=ACF  \\$aPrevious Copyright Fee: GBP0.88$c0$e01-oct-2008$fGBP0.88$g0$hC$5Uk
=ACF  \\$aPrevious Copyright Fee: GBP0.88$c0$e01-jul-2008$fGBP0.88$g0$hC$5Uk
=ACF  \\$aPrevious Copyright Fee: GBP0.85$c0$e01-apr-2008$fGBP0.85$g0$hC$5Uk
=ACF  \\$aPrevious Copyright Fee: GBP0.88$c0$e01-jan-2008$fGBP0.88$g0$hC$5Uk
=ACF  \\$aPrevious Copyright Fee: GBP0.88$c0$e01-oct-2007$fGBP0.88$g0$hC$5Uk
=ACF  \\$aPrevious Copyright Fee: GBP0.88$c0$e01-jul-2007$fGBP0.88$g0$hC$5Uk
=ACF  \\$aPrevious Copyright Fee: GBP0.90$c0$e01-apr-2007$fGBP0.90$g0$hC$5Uk
=ACF  \\$aPrevious Copyright Fee: GBP0.95$c0$e01-jan-2007$fGBP0.95$g0$hC$5Uk
=ACF  \\$aPrevious Copyright Fee: GBP0.95$c0$e01-oct-2006$fGBP0.95$g0$hC$5Uk
=ACF  \\$aPrevious Copyright Fee: GBP1.00$c0$e01-jul-2006$fGBP1.00$g0$hC$5Uk
=ACF  \\$aPrevious Copyright Fee: GBP1.00$c0$e01-apr-2006$fGBP1.00$g0$hC$5Uk
=ACF  \\$aPrevious Copyright Fee: GBP0.97$c0$e01-jan-2006$fGBP0.97$g0$hC$5Uk
=ACF  \\$aPrevious Copyright Fee: GBP0.95$c0$e01-oct-2005$fGBP0.95$g0$hC$5Uk
=ACF  \\$aPrevious Copyright Fee: GBP0.95$c0$e01-jul-2005$fGBP0.95$g0$hC$5Uk
=ACF  \\$aPrevious Copyright Fee: GBP0.95$c0$e01-apr-2005$fGBP0.95$g0$hC$5Uk
=ACF  \\$aPrevious Copyright Fee: GBP0.97$c0$e01-jan-2005$fGBP0.97$g0$hC$5Uk
=ACF  \\$aPrevious Copyright Fee: GBP0.95$c0$e01-oct-2004$fGBP0.95$g0$hC$5Uk
=ACF  \\$aPrevious copyright fee: GBP0.95$c0$e01-apr-2004$fGBP0.95$g0$hC$5Uk
=ACF  \\$aCurrent copyright fee: GBP1.03$c0$e01-jan-2004$fGBP1.03$g0$hC$5Uk
=ACF  \\$aCurrent copyright fee: GBP1.09$c0$e01-jan-2003$fGBP1.09$g0$hC$5Uk
=CAT  \\$aCONV$b00$c20040425$lBLL90$h0853
=CAT  \\$aBATCH-UPD$b00$c20090101$lBLL01$h0003
=CAT  \\$aBATCH$b00$c20090101$lBLL01$h0135
=CAT  \\$aBATCH-CLA$b00$c20090227$lBLL01$h1654
=CAT  \\$aBATCH-UPD$b00$c20090331$lBLL01$h2219
=CAT  \\$aBATCH-UPD$b00$c20090331$lBLL01$h2355
=CAT  \\$aBATCH$b00$c20090401$lBLL01$h0124
=CAT  \\$aBATCH-CLA$b00$c20090529$lBLL01$h1732
=CAT  \\$aBATCH-UPD$b00$c20090701$lBLL01$h1947
=CAT  \\$aBATCH-UPD$b00$c20090701$lBLL01$h2028
=CAT  \\$aBATCH$b00$c20090701$lBLL01$h2049
=CAT  \\$aBATCH$b00$c20091209$lBLL01$h0253
=CAT  \\$aBATCH$b00$c20091214$lBLL01$h0336
=CAT  \\$aBATCH$b00$c20091216$lBLL01$h0116
=CAT  \\$a6537$b40$c20100415$lBLL01$h0954
=CAT  \\$aBATCH-UPD$b40$c20101201$lBLL01$h1219
=CAT  \\$aIPL-CLA$c20101231$lBLL01$h1239
=CAT  \\$aBATCH-UPD$b00$c20110907$lBLL01$h1800
=CAT  \\$aIPL-CLA$c20110908$lBLL01$h1715
=CAT  \\$aBATCH-UPD$b00$c20120614$lBLL01$h2143
=CAT  \\$aBATCH-CLA$b00$c20121104$lBLL01$h1021
=CAT  \\$aWR13.005$c20130323$lBLL01$h1515
=CAT  \\$a10806$b40$c20180404$lBLL01$h1053
=CAT  \\$a10806$b40$c20180404$lBLL01$h1106
=CAT  \\$a10806$b40$c20180404$lBLL01$h1107
=CAT  \\$aW2011-1473$b00$c20201124$lBLL01$h1831
=CFI  0\$aBritish Library not licensed to copy$c0$e07-sep-2011$hC$iTX$5Uk
=CFI  2\$aPrevious copyright fee: GBP10.50$c0$e01-jan-2011$fGBP10.50$g0$hA$5Uk
=FIN  \\$aY
=FMT  \\$a  SE
=LAS  \\$aW2011-1473$b00$c20201124$lBLL01$h1831
=LEO  \\$aMP10.0000010243
=LEO  \\$aMP25.0000089280
=SRC  \\$aDSS01$bbibmp10.200404.2.aa
=SRC  \\$aSRI01$bbibmp25.200404.2.aa
=SSD  \\$a74510{dollar}aMikrobiologicheskiĭ zhurnal; 74510{dollar}aJournal of microbiology; 74510{dollar}aJournal de microbiologie
=TCO  \\$aXXX$c008
=TOC  \\$aETOC

