=LDR  03427 as a2200841 a 4500
=001  008894068
=003  Uk
=005  20100922161023.0
=007  ta
=008  770421c19769999nr\qr\p\\\\\\\0\\\a0eng\\
=019  c\$a2015132
=019  0\$as240184017
=022  0\$a1116-4077$z0309-3913
=040  \\$aUk$beng$cUk$dUk
=082  04$a610.5$222
=084  \\$aGT 037$2blsrissc
=210  0\$aAfr. j. med. & med. sci.
=222  \0$aAfrican journal of medicine and medical sciences
=245  00$aAfrican journal of medicine and medical sciences.
=260  \\$aOxford :$bBlackwell Scientific,$c1976-
=260  2\$31992-1996$aIbadan :$bSpectrum Books
=260  3\$31996-$aIbadan :$bCollege of Medicine, University of Ibadan and the University College Hospital
=300  \\$av. ;$c25 cm.
=310  \\$aQuarterly
=336  \\$atext$2rdacontent
=337  \\$aunmediated$2rdamedia
=338  \\$avolume$2rdacarrier
=362  1\$aBegan in 1976.
=500  \\$aLatest issue consulted: vol. 35, no. 3 (Sept. 2006).
=540  \\$aBritish Library not licensed to copy$c0$5Uk
=595  \\$aFORMERLY 0732.525 UP TO VOL. 4, 1973 SEE ALSO CARD INDEX.
=650  \0$aMedicine$vPeriodicals.
=780  00$tAfrican journal of medical sciences$x0002-0028
=852  41$aBritish Library$bDSC$j0732.530000$3Vol. 5, no. 1 (1976)-v. 44, no. 4 (2015)***UKRR Retained Title***Stock Incomplete
=852  71$aBritish Library$bSTI$k(P)$hGT 037$m-E(2)$2blsrissc$3Vol. 5 (1976)-v. 20, pt. 2 (1991)
=945  \\$aAFRICAN JOURNAL OF MEDICINE AND MEDICAL SCIENCES.
=959  \\$fCurrently received
=963  \\$aVOL. 5, 1976- 20(2), 1991 *A=1$bN$cP300.C.290
=985  \\$aISSN 0309-3913 cancelled in favour of ISSN 1116-4077 which has been printed on the journal since 1992
=ACF  \\$aPrevious copyright fee: GBP5.00$c0$e01-jan-2003$fGBP5.00$g0$hC$5Uk
=ACF  \\$aCurrent copyright fee: GBP6.80$c0$e01-apr-1997$fGBP6.80$g0$hC$5Uk
=CAT  \\$aCONV$b00$c20040425$lBLL90$h0853
=CAT  \\$aCONV$b00$c20040502$lBLL01$h1307
=CAT  \\$c20041009$lBLL01$h1904
=CAT  \\$a11194$b40$c20050628$lBLL01$h1050
=CAT  \\$aglobal_upd$b40$c20060417$lBLL01$h1654
=CAT  \\$a5552$b40$c20080213$lBLL01$h1641
=CAT  \\$a11315$b40$c20080220$lBLL01$h1446
=CAT  \\$a6537$b40$c20080307$lBLL01$h1023
=CAT  \\$aWR09-126
=CAT  \\$aBATCH-UPD$b40$c20090904$lBLL01$h1713
=CAT  \\$a8201$b40$c20100922$lBLL01$h1610
=CAT  \\$aBATCH-UPD$b40$c20101201$lBLL01$h1219
=CAT  \\$aIPL-CLA$c20101231$lBLL01$h1239
=CAT  \\$aBATCH-UPD$b00$c20110907$lBLL01$h1800
=CAT  \\$aIPL-CLA$c20110908$lBLL01$h1715
=CAT  \\$aBATCH-UPD$b00$c20120614$lBLL01$h2143
=CAT  \\$aBATCH-CLA$b00$c20121104$lBLL01$h1021
=CAT  \\$aWR13.005$c20130323$lBLL01$h1516
=CFI  0\$aBritish Library not licensed to copy$c0$e07-sep-2011$hC$iTX$5Uk
=CFI  2\$aPrevious copyright fee: GBP10.50$c0$e01-jan-2011$fGBP10.50$g0$hA$5Uk
=FIN  \\$aY
=FMT  \\$a  SE
=LAS  \\$aWR13.005$b00$c20130323$lBLL01$h1516
=LEO  \\$aMP10.0000036519
=LEO  \\$aMP22.0000021981
=LEO  \\$aMP25.0000095222
=LKR  \\$aPAR$b008894067$lBLL01$r78000$mAfrican journal of medicine and medical sciences$nAfrican journal of medical sciences
=SRC  \\$aDSS01$bbibmp10.200404.2.aa
=SRC  \\$aISN01$bbibmp22.200404.2.aa
=SRC  \\$aSRI01$bbibmp25.200404.2.aa
=TCO  \\$aXXX$c008
=TOC  \\$aETOC

