=LDR  03090 as a2200781ui 4500
=001  008896901
=003  Uk
=005  20130107093911.0
=007  ta
=008  771207c19uu9999ii\ar\p\\\\\\o0\\\a0eng\\
=019  0\$as247785008
=019  c\$a2082268
=022  0\$a0445-7897
=040  \\$aUk$beng$cUk
=042  \\$aukblsr
=082  04$a338.2095405$223
=084  \\$aNH 259(I2)$2blsrissc
=222  \0$aIndian minerals yearbook
=245  00$aIndian minerals yearbook.
=260  \\$aDelhi :$bController of Publications, Government of India,$c1967-
=260  3\$aNagpur :$bIssued by Controller General, Indian Bureau of Mines
=300  \\$av. :$bill. ;$c29 cm.
=310  \\$aAnnual
=336  \\$atext$2rdacontent
=337  \\$aunmediated$2rdamedia
=338  \\$avolume$2rdacarrier
=500  \\$aIssued for the Indian Bureau of Mines.
=540  \\$aBritish Library not licensed to copy$c0$5Uk
=588  \\$aLatest issue consulted: 2010 (49th ed.).
=595  \\$aSee also card index.
=650  \0$aMineral industries$zIndia$vPeriodicals.
=650  \0$aMines and mineral resources$zIndia$vPeriodicals.
=650  \0$aMineralogy$zIndia$vPeriodicals.
=650  \0$aMines and mineral resources$zIndia$vStatistics$vPeriodicals.
=690  7\$aManagement and Business Studies$2blcoll
=710  2\$aIndian Bureau of Mines.
=852  71$aBritish Library$bSTI$cRES$k(XP)$hNH 259$m(I2) -E(5)$2blsrissc$31964-1983. DEFICIENT: 1969-70; 1972, 1975, 1978-80
=852  41$aBritish Library$bHMNTS$jIS.416/19$31960-1986(1972,1982-1985 MISSING)
=852  41$aBritish Library$bHMNTS$jOPG.9.x.317$32010
=852  41$aBritish Library$bDSC$j4423.001000
=945  \\$aIndian minerals yearbook
=959  \\$fHeld but not currently received
=985  \\$aTitle also issued with ISSN 0972-3625 (double assignment?). ISSN UK to investigate (MP 7/1/03).
=ACF  \\$aPrevious copyright fee: GBP10.50$c0$e01-jan-2011$fGBP10.50$g0$hA$5Uk
=ACF  \\$aBritish Library not licensed to copy$c0$e07-sep-2011$hC$iTX$5Uk
=CAT  \\$aCONV$b00$c20040425$lBLL90$h0853
=CAT  \\$aCONV$b00$c20040502$lBLL01$h1307
=CAT  \\$aglobal_upd$b40$c20060417$lBLL01$h1654
=CAT  \\$aBATCH$b00$c20091209$lBLL01$h0254
=CAT  \\$a10973$b40$c20130102$lBLL01$h1154
=CAT  \\$a5997$b40$c20130107$lBLL01$h0934
=CAT  \\$a5997$b40$c20130107$lBLL01$h0939
=CAT  \\$aBATCH-MBS$c20130111$lBLL01$h2110
=CAT  \\$aBATCH-CLA$b00$c20130228$lBLL01$h1711
=CAT  \\$aIPL-CLA$c20130331$lBLL01$h1044
=CAT  \\$a540_fix$c20130403$lBLL01$h2005
=CAT  \\$aBATCH-CLA$b00$c20130531$lBLL01$h1646
=CAT  \\$aIPL-CLA$c20130701$lBLL01$h0007
=CFI  0\$aBritish Library not licensed to copy$c0$e01-jul-2013$hC$iCFP Excluded$5Uk
=CFI  2\$aBritish Library not licensed to copy$c0$e01-apr-2013$hC$iCFP Excluded$5Uk
=FIN  \\$aY
=FMT  \\$a  SE
=LAS  \\$aIPL-CLA$b00$c20130701$lBLL01$h0007
=LEO  \\$aMP10.0000281266
=LEO  \\$aMP25.0000098361
=SRC  \\$aDSS01$bbibmp10.200404.2.aa
=SRC  \\$aSRI01$bbibmp25.200404.2.aa
=TCO  \\$aXXX$c008

