=LDR  04695cas a22010697a 4500
=001  008898485
=003  Uk
=005  20211231153649.0
=007  ta
=008  820629d19742006cc\qr\p\\\\\\\0\\\e0chi\\
=019  0\$as250788004
=019  c\$a2013178
=022  0\$a0379-4172
=040  \\$aUk$beng$cUk$dUk
=041  0\$achi$aeng$beng$bchi
=042  \\$aukblsr
=084  \\$aCJ 00$2blsrissc
=222  \0$aYíchuán xuébào
=245  00$aActa genetica sinica =$b[Yíchuán xuébào].
=246  31$aYíchuán xuébào
=260  \\$aBeijing :$bKexue Chuban She,$c1974-2006.
=264  31$32006.$aBeijing :$bScience Press and Elsevier
=300  \\$a33 v. :$bill. ;$c30 cm.
=310  \\$aQuarterly
=336  \\$atext$2rdacontent
=337  \\$aunmediated$2rdamedia
=338  \\$avolume$2rdacarrier
=362  1\$aBegan in 1974.
=362  0\$a-Vol. 33, no. 12 (Dec. 2006).
=500  \\$aDescription based on: vol. 31, no. 12 (Dec. 2004).
=500  \\$aOrder of parallel titles changes.
=540  \\$aCurrent copyright fee: GBP34.30$c5\1$5Uk
=546  \\$aText in Chinese with abstracts in English. Table of contents in parallel Chinese and English. From 2003 increasingly comprises English articles with Chines abstracts.
=595  \\$aSee also card index.
=650  \0$aGenetics$vPeriodicals.
=776  08$iAlso issued online as:$tActa genetica sinica$g2006
=785  00$tJournal of genetics and genomics = Yichuan xuebao$x1673-8527
=787  0\$tChinese journal of genetics$x0898-5138
=852  41$aBritish Library$bDSC$j0617.500000$3Volume 1 (1974)-Volume 33, Number 12 (2006)
=852  71$aBritish Library$bSTI$k(P)$hCJ 00$m-X(3)$2blsrissc$3All stock sent to DSC
=856  \\$31850-9999$uhttp://www.elsevier.com/journals$xBLDSS
=945  \\$aActa genetica sinica
=959  \\$fHeld but not currently received
=963  \\$aCA/U-2 VOL. 1(1), [197?] *A=1; 4, 1974- 17(5), 1990 *A=?$bN
=985  \\$aISSN differs in history to BL for print version (paralllel titles flipped places in 2003 & English gradually takes the place of Chinese between 2003 & 2006) treated as c/t from 2006 by ISSN & not so by BL
=ACF  \\$aPrevious Copyright Fee: GBP25.00$c0$e01-oct-2008$fGBP25.00$g0$hC$5Uk
=ACF  \\$aPrevious copyright fee: GBP5.00$c0$e01-jul-2002$fGBP5.00$g0$hC$5Uk
=ACF  \\$aCurrent copyright fee: GBP2.50$c0$e01-jul-1998$fGBP2.50$g0$hC$5Uk
=ACF  \\$aCurrent copyright fee: GBP2.30$c0$e01-apr-1997$fGBP2.30$g0$hC$5Uk
=ACF  \\$aPrevious copyright fee: GBP10.50$c0$e01-jan-2011$fGBP10.50$g0$hA$5Uk
=ACF  \\$aPrevious copyright fee: GBP21.00$c5\1$e17-dec-2012$fGBP21.00$g0$hP$5Uk
=ACF  \\$aPrevious copyright fee: GBP22.50$c5\1$e01-jan-2013$fGBP22.50$g0$hP$5Uk
=ACF  \\$aPrevious copyright fee: GBP23.40$c5\1$e01-jan-2018$fGBP23.40$g0$hP$5Uk
=CAT  \\$aCONV$b00$c20040425$lBLL90$h0853
=CAT  \\$aBATCH-UPD$b00$c20080930$lBLL01$h2203
=CAT  \\$aBATCH-UPD$b00$c20080930$lBLL01$h2327
=CAT  \\$aBATCH$b00$c20081001$lBLL01$h0047
=CAT  \\$aBATCH$b00$c20091209$lBLL01$h0254
=CAT  \\$aBATCH-UPD$b00$c20101201$lBLL01$h1219
=CAT  \\$aIPL-CLA$c20101231$lBLL01$h1239
=CAT  \\$aBATCH-UPD$b00$c20110907$lBLL01$h1801
=CAT  \\$aIPL-CLA$c20110908$lBLL01$h1715
=CAT  \\$aWR11_155$c20120104$lBLL01$h1850
=CAT  \\$aWR11_155$c20120104$lBLL01$h1901
=CAT  \\$aBATCH-CLA$b00$c20121104$lBLL01$h1020
=CAT  \\$a5552$b40$c20121217$lBLL01$h0937
=CAT  \\$aIPL-CLA$c20121231$lBLL01$h1249
=CAT  \\$aIPL-CLA$c20130102$lBLL01$h1651
=CAT  \\$aWR13.005$c20130323$lBLL01$h1516
=CAT  \\$aBLDSS-3PM$b00$c20141222$lBLL01$h1709
=CAT  \\$a8124$b40$c20150917$lBLL01$h1219
=CAT  \\$aBATCH-UPD$b40$c20160413$lBLL01$h1804
=CAT  \\$aBATCH-UPD$b40$c20171121$lBLL01$h1738
=CAT  \\$aBATCH-UPD$b40$c20171121$lBLL01$h2216
=CAT  \\$aIPL-CLA$c20171231$lBLL01$h1420
=CAT  \\$aBATCH-UPD$b00$c20190521$lBLL01$h1431
=CAT  \\$aIPL-CLA$c20190630$lBLL01$h1526
=CAT  \\$aBATCH-UPD$b00$c20211119$lBLL01$h1549
=CAT  \\$aIPL-CLA$c20211231$lBLL01$h1536
=CFI  0\$aCurrent copyright fee: GBP34.30$c5\1$e01-jan-2022$fGBP34.30$g0$hP$5Uk
=CFI  2\$aPrevious copyright fee: GBP32.84$c5\1$e01-jul-2019$fGBP32.84$g0$hP$5Uk
=FFP  \\$aY$bBLDSS-3PM
=FIN  \\$aY
=FMT  \\$a  SE
=LAS  \\$aIPL-CLA$b00$c20211231$lBLL01$h1536
=LEO  \\$aMP25.0000100098
=LEO  \\$aMP10.0000030084
=LKR  \\$aPAR$b008215544$lBLL01$r7870$mYíchuán xuébào$nChinese journal of genetics
=SRC  \\$aSRI01$bbibmp25.200404.2.aa
=SRC  \\$aDSS01$bbibmp10.200404.2.aa
=TCO  \\$aZZZ$c008
=TOC  \\$aETOC

