=LDR  05385cas a2201237 a 4500
=001  008900992
=003  Uk
=005  20211231153650.0
=007  ta
=008  860610d19732006gw\br\p\\\\\\\0\\\b0mul\\
=019  c\$a2018466
=019  0\$as256520011
=019  c\$a2314876
=022  0\$a0340-2096
=040  \\$aUk$cUk$dUk
=041  0\$ager$aeng$afre
=082  04$a636.0891$221
=084  \\$aGA 56$2blsrissc
=210  0\$aAnat. Histol. Embryol.
=222  \0$aAnatomia, Histologia, Embryologia
=245  00$aZentralblatt für Veterinärmedizin.$nReihe C,$pAnatomia, histologia, embryologia.
=246  30$aAnatomia, histologia, embryologia
=246  31$aJournal of veterinary medicine.$nSeries C,$pAnatomia, histologia, embryologia$f1981-
=246  1\$iTitle in English only:$aJournal of veterinary medicine.$nSeries C,$pAnatomia, histologia, embryologia$f2001
=246  1\$iMinor title change:$aJournal of veterinary medicine.$nC,$pAnatomia, histologia, embryologia$f2002-
=260  \\$aBerlin :$bParey,$c1973-
=260  3\$31994-$aBerlin :$bBlackwell
=300  \\$av. :$bill. ;$c25-30 cm.
=310  \\$aBimonthly,$b2001-
=321  \\$aQuarterly,$b1973-2000
=336  \\$atext$2rdacontent
=337  \\$aunmediated$2rdamedia
=338  \\$avolume$2rdacarrier
=362  1\$aBegan with Bd. 2, Heft 1 (März 1973).
=500  \\$aOrder of titles varies.
=515  \\$aEarlier issues are designated Band.
=540  \\$aCurrent copyright fee: GBP39.00$c35\0$5Uk
=550  \\$aJournal der Weltvereinigung der Veterinäranatomen; Journal of the World Association of Veterinary Anatomists.
=595  \\$aFORMERLY 9512.008 UP TO VOL. 14, 1985.
=650  \0$aAnatomy, Comparative$vPeriodicals.
=650  \0$aVeterinary anatomy$vPeriodicals.
=650  \0$aVeterinary histology$vPeriodicals.
=650  \0$aVeterinary embryology$vPeriodicals.
=710  2\$aWorld Association of Veterinary Anatomists.
=776  0\$tAnatomia histologia embryologia
=780  00$tZentralblatt für Veterinärmedizin. Reihe C, Anatomie, Histologie, Embryologie$x0300-8649
=785  00$tAnatomia, histologia, embryologia
=852  41$aBritish Library$bDSC$j0897.960000$3Vol. 15, no. 1 (1986)-v. 38, no. 6 (2009)***UKRR Retained Title***Stock Incomplete
=852  71$aBritish Library$bSTI$k(P)$hGA 56$m-E(6)$2blsrissc$3[Vol.] 2 (1973)-v. 29 (2000)
=856  \\$31850-9999$uhttp://onlinelibrary.wiley.com/$xBLDSS
=945  \\$aAnatomia histologia embryologia
=959  \\$fHeld but not currently received
=968  \\$bX
=985  \\$aPrinting ISSN <1986->
=985  \\$aRecord merged by DQ team
=985  \\$aUpgraded by BSS-generated file for WR2011-1473
=A02  \\$a2018466
=ACF  \\$aCurrent copyright fee: GBP13.00$c10\0$e01-apr-2003$fGBP13.00$g0$hP$5Uk
=ACF  \\$aCurrent copyright fee: GBP13.00$c10\1$e01-jan-2002$fGBP13.00$g0$hP$5Uk
=ACF  \\$aPrevious copyright fee: GBP15.00$c10\0$e01-apr-2004$fGBP15.00$g0$hP$5Uk
=ACF  \\$aPrevious copyright fee: GBP22.00$c10\0$e01-jan-2006$fGBP22.00$g0$hP$5Uk
=ACF  \\$aPrevious copyright fee: GBP24.00$c10\0$e01-mar-2015$fGBP24.00$g0$hP$5Uk
=ACF  \\$aPrevious copyright fee: GBP24.00$c35\0$e07-mar-2017$fGBP24.00$g0$hP$5Uk
=ACF  \\$aPrevious copyright fee: GBP28.00$c35\0$e01-jan-2019$fGBP28.00$g0$hP$5Uk
=CAT  \\$aCONV$b00$c20040425$lBLL90$h0853
=CAT  \\$aBATCH$b00$c20091216$lBLL01$h0116
=CAT  \\$aBATCH$b00$c20100103$lBLL01$h1101
=CAT  \\$a8201$b40$c20101018$lBLL01$h1151
=CAT  \\$a8201$b40$c20101018$lBLL01$h1156
=CAT  \\$a8871$b40$c20110315$lBLL01$h1723
=CAT  \\$a8871$b40$c20110316$lBLL01$h0805
=CAT  \\$aBATCH-CLA$b00$c20121104$lBLL01$h1020
=CAT  \\$aWR12_168$c20121206$lBLL01$h1834
=CAT  \\$aBLDSS-3PM$b00$c20141214$lBLL01$h1519
=CAT  \\$aBATCH-UPD$b00$c20150215$lBLL01$h1619
=CAT  \\$aIPL-CLA$c20150228$lBLL01$h2042
=CAT  \\$aBATCH-UPD$b00$c20160413$lBLL01$h1804
=CAT  \\$aBATCH-UPD$b00$c20170302$lBLL01$h1732
=CAT  \\$aW1703-0316$c20170306$lBLL01$h1822
=CAT  \\$aW1703-0316$c20170307$lBLL01$h1645
=CAT  \\$aIPL-CLA$c20170307$lBLL01$h1823
=CAT  \\$aBATCH-UPD$b00$c20180219$lBLL01$h1740
=CAT  \\$aBATCH-UPD$b00$c20181121$lBLL01$h1618
=CAT  \\$aIPL-CLA$c20181231$lBLL01$h1534
=CAT  \\$aR1911-0245$c20191127$lBLL01$h0821
=CAT  \\$aR1911-0245$c20191127$lBLL01$h1044
=CAT  \\$aIPL-CLA$c20191231$lBLL01$h1745
=CAT  \\$aW2011-1473$b00$c20201124$lBLL01$h1832
=CAT  \\$aBATCH-CLA$b00$c20211222$lBLL01$h1548
=CAT  \\$aIPL-CLA$c20211231$lBLL01$h1536
=CFI  0\$aCurrent copyright fee: GBP39.00$c35\0$e01-jan-2022$fGBP39.00$g0$hP$5Uk
=CFI  2\$aPrevious Copyright Fee: GBP32.00$c35\0$e01-jan-2020$fGBP32.00$g0$hP$5Uk
=EST  \\$a2
=FFP  \\$aY$bBLDSS-3PM
=FIN  \\$aY
=FMT  \\$a  SE
=LAS  \\$aIPL-CLA$b00$c20211231$lBLL01$h1536
=LEO  \\$aMP10.0000326527
=LEO  \\$aMP10.0000047531
=LEO  \\$aMP25.0000102955
=LKR  \\$aPAR$b008900991$lBLL01$r78000$mZentralblatt für Veterinärmedizin. Reihe C, Anatomia, Histologia, Embryologia$nZentralblatt für Veterinärmedizin. Reihe C, Anatomie, Histologie, Embryologie
=SRC  \\$aDSS01$bbibmp10.200404.2.aa
=SRC  \\$aSRI01$bbibmp25.200404.2.aa
=TCO  \\$aDEU$bVG WORT$c008
=TOC  \\$aETOC
=UNO  \\$aY

