=LDR  06573cas a2201393 a 4500
=001  008908521
=003  Uk
=005  20230209233200.0
=007  ta
=008  931005c19919999enkqr\p\\\\\\\0\\\a0eng\\
=019  c\$a2452052
=019  0\$as593127005
=022  0\$a0939-8368
=040  \\$aUk$beng$cUk$dUk
=042  \\$aukblsr
=082  04$a621.3$221
=084  \\$aRL 20$2blsrissc
=084  \\$aRG 47$2blsrissc
=222  \0$aEPE journal$b(Print)
=245  00$aEPE journal.
=246  3\$aEuropean power electronics and drives journal
=260  \\$aBerlin :$bVDE-Verlag,$c1991-
=264  31$aAbingdon :$bTaylor & Francis
=300  \\$av. ;$c30 cm.
=310  \\$aQuarterly
=336  \\$atext$2rdacontent
=337  \\$aunmediated$2rdamedia
=338  \\$avolume$2rdacarrier
=362  1\$aBegan in 1991.
=540  \\$aCurrent Copyright Fee: GBP47.15$c0$5Uk
=588  \\$aLatest issue consulted: volume 26, number 1 (March 2016).
=595  \\$aSRIS SHARED STOCK. SEE ALSO SERIAL RECORDS USC AND CARD INDEX.
=650  \0$aPower electronics$vPeriodicals.
=776  08$iAlso issued online as:$tEPE journal$x2376-9319
=852  41$aBritish Library$bDSC$j3793.410000$3Vol. 1, no. 1 (1991)-v. 6, no. 3/4 (1996)***UKRR Retained Title
=852  71$aBritish Library$bSTI$k(P)$hRL 20$m-E(7)$2blsrissc$3Vol. 3 (1993)-v. 26, no. 4 (2016)
=945  \\$aEPE JOURNAL.
=957  \\$aP
=959  \\$fHeld but not currently received
=985  \\$aCONFERENCE ANALYTIC RECORDS EXIST
=985  \\$aFree record on ISSN Portal.
=A02  \\$a2452052
=ACF  \\$aBritish Library not licensed to copy$c0$e01-apr-2012$hC$iCLA Excluded$5Uk
=ACF  \\$aBritish Library not licensed to copy$c0$e01-jan-2012$hC$iCLA Excluded$5Uk
=ACF  \\$aBritish Library not licensed to copy$c0$e01-oct-2011$hC$iCLA Excluded$5Uk
=ACF  \\$aPrevious copyright fee: GBP10.50$c0$e01-jan-2011$fGBP10.50$g0$hA$5Uk
=ACF  \\$aPrevious Copyright Fee: GBP8.57$c0$e01-jul-2009$fGBP8.57$g0$hC$5Uk
=ACF  \\$aPrevious Copyright Fee: GBP8.57$c0$e01-apr-2009$fGBP8.57$g0$hC$5Uk
=ACF  \\$aPrevious Copyright Fee: GBP7.50$c0$e01-jan-2009$fGBP7.50$g0$hC$5Uk
=ACF  \\$aPrevious Copyright Fee: GBP6.00$c0$e01-oct-2008$fGBP6.00$g0$hC$5Uk
=ACF  \\$aPrevious Copyright Fee: GBP6.00$c0$e01-jul-2008$fGBP6.00$g0$hC$5Uk
=ACF  \\$aPrevious Copyright Fee: GBP6.00$c0$e01-apr-2008$fGBP6.00$g0$hC$5Uk
=ACF  \\$aPrevious Copyright Fee: GBP6.00$c0$e01-jan-2008$fGBP6.00$g0$hC$5Uk
=ACF  \\$aPrevious Copyright Fee: GBP6.00$c0$e01-oct-2007$fGBP6.00$g0$hC$5Uk
=ACF  \\$aPrevious Copyright Fee: GBP6.00$c0$e01-jul-2007$fGBP6.00$g0$hC$5Uk
=ACF  \\$aPrevious Copyright Fee: GBP6.15$c0$e01-apr-2007$fGBP6.15$g0$hC$5Uk
=ACF  \\$aPrevious Copyright Fee: GBP6.49$c0$e01-jan-2007$fGBP6.49$g0$hC$5Uk
=ACF  \\$aPrevious Copyright Fee: GBP6.49$c0$e01-oct-2006$fGBP6.49$g0$hC$5Uk
=ACF  \\$aPrevious Copyright Fee: GBP6.86$c0$e01-jul-2006$fGBP6.86$g0$hC$5Uk
=ACF  \\$aPrevious Copyright Fee: GBP4.57$c0$e01-apr-2006$fGBP4.57$g0$hC$5Uk
=ACF  \\$aPrevious Copyright Fee: GBP4.44$c0$e01-jan-2006$fGBP4.44$g0$hC$5Uk
=ACF  \\$aPrevious Copyright Fee: GBP4.32$c0$e01-oct-2005$fGBP4.32$g0$hC$5Uk
=ACF  \\$aPrevious Copyright Fee: GBP4.32$c0$e01-jul-2005$fGBP4.32$g0$hC$5Uk
=ACF  \\$aPrevious Copyright Fee: GBP4.32$c0$e01-apr-2005$fGBP4.32$g0$hC$5Uk
=ACF  \\$aPrevious Copyright Fee: GBP4.44$c0$e01-jan-2005$fGBP4.44$g0$hC$5Uk
=ACF  \\$aPrevious Copyright Fee: GBP4.32$c0$e01-oct-2004$fGBP4.32$g0$hC$5Uk
=ACF  \\$aPrevious copyright fee: GBP4.32$c0$e01-apr-2004$fGBP4.32$g0$hC$5Uk
=ACF  \\$aCurrent copyright fee: GBP4.71$c0$e01-jan-2004$fGBP4.71$g0$hC$5Uk
=ACF  \\$aCurrent copyright fee: GBP5.00$c0$e01-jan-2003$fGBP5.00$g0$hC$5Uk
=ACF  \\$aBritish Library not licensed to copy$c0$e01-jul-2012$hC$iCLA Excluded$5Uk
=ACF  \\$aBritish Library not licensed to copy$c0$e01-oct-2012$hC$iCFP Excluded$5Uk
=ACF  \\$aBritish Library not licensed to copy$c0$e01-jan-2013$hC$iCFP Excluded$5Uk
=ACF  \\$aBritish Library not licensed to copy$c0$e01-jul-2013$hC$iCFP Excluded$5Uk
=ACF  \\$aPrevious Copyright Fee: GBP31.00$c2\0$e01-apr-2016$fGBP31.00$g0$hP$5Uk
=ACF  \\$aPrevious copyright fee: GBP33.00$c2\0$e01-jan-2017$fGBP33.00$g0$hP$5Uk
=ACF  \\$aPrevious copyright fee: GBP35.00$c2\0$e01-jan-2018$fGBP35.00$g0$hP$5Uk
=ACF  \\$aPrevious copyright fee: GBP37.00$c2\0$e01-jan-2019$fGBP37.00$g0$hP$5Uk
=ACF  \\$aPrevious copyright fee: GBP39.00$c2\0$e01-jan-2020$fGBP39.00$g0$hP$5Uk
=ACF  \\$aPrevious copyright fee: GBP41.00$c2\0$e01-jan-2021$fGBP41.00$g0$hP$5Uk
=CAT  \\$aCONV$b00$c20040425$lBLL90$h0857
=CAT  \\$a10969$b40$c20140714$lBLL01$h1601
=CAT  \\$aBATCH-CLA$b00$c20160229$lBLL01$h1616
=CAT  \\$a5552$b40$c20160301$lBLL01$h1545
=CAT  \\$aIPL-CLA$c20160331$lBLL01$h1704
=CAT  \\$aBLDSS-3PM$b00$c20160404$lBLL01$h1601
=CAT  \\$aBATCH-UPD$b00$c20160727$lBLL01$h1056
=CAT  \\$a10973$b40$c20161108$lBLL01$h1126
=CAT  \\$aBATCH-UPD$b40$c20161122$lBLL01$h1503
=CAT  \\$aIPL-CLA$c20161230$lBLL01$h1845
=CAT  \\$a11205$b40$c20170120$lBLL01$h1446
=CAT  \\$a11205$b40$c20170120$lBLL01$h1607
=CAT  \\$aBATCH-UPD$b40$c20171121$lBLL01$h1654
=CAT  \\$aIPL-CLA$c20171231$lBLL01$h1421
=CAT  \\$aBATCH-UPD$b00$c20181217$lBLL01$h1643
=CAT  \\$aIPL-CLA$c20181231$lBLL01$h1534
=CAT  \\$a8439$b40$c20190312$lBLL01$h1406
=CAT  \\$aBATCH-UPD$b40$c20191122$lBLL01$h1905
=CAT  \\$aIPL-CLA$c20191231$lBLL01$h1745
=CAT  \\$aBATCH-UPD$b00$c20201118$lBLL01$h1339
=CAT  \\$aIPL-CLA$c20201231$lBLL01$h1520
=CAT  \\$a10973$b40$c20210426$lBLL01$h1303
=CAT  \\$aBATCH-UPD$b40$c20221121$lBLL01$h1338
=CAT  \\$a8055$b40$c20221222$lBLL01$h1129
=CAT  \\$aIPL-CLA$c20221231$lBLL01$h1435
=CAT  \\$aDEL-3PM$c20230116$lBLL01$h0957
=CAT  \\$aBATCH-CLA$b00$c20230209$lBLL01$h1530
=CAT  \\$aIPL-CLA$c20230209$lBLL01$h2332
=CFI  0\$aCurrent Copyright Fee: GBP47.15$c0$e09-feb-2023$fGBP47.15$g0$hC$5Uk
=CFI  2\$aPrevious copyright fee: GBP25.00$c0$e01-jan-2023$fGBP25.00$g0$hA$5Uk
=FIN  \\$aY
=FMT  \\$a  SE
=LAS  \\$aIPL-CLA$b00$c20230209$lBLL01$h2332
=LEO  \\$aMP10.0000212579
=LEO  \\$aMP25.0000284335
=LET  \0$aEPE journal (Print)
=SRC  \\$aDSS01$bbibmp10.200404.2.aa
=SRC  \\$aSRI01$bbibmp25.200404.2.aa
=TCO  \\$aDEU$bVG WORT$c008
=TOC  \\$aETOC

