=LDR  02151 ai a2200613 a 4500
=001  009081987
=003  Uk
=005  20100423111259.0
=007  td
=008  950216c19959999enkuu\l\\f\\\\0\\\a2eng\\
=015  \\$aGB9520441$2bnb
=019  y\$ab9520441
=019  9\$ab9520441
=019  0\$as607785004
=020  \\$a185573074X (loose-leaf)
=022  0\$a1365-3210
=039  0\$a2329
=040  \\$aUk$beng$cUk$dUk
=042  \\$aukblsr
=082  04$a332.6442282$220
=084  \\$aNP 93$2blsrissc
=222  \0$aOTM. Oil trading manual
=245  00$aOil trading manual /$cedited by David Long.
=246  3\$aOTM :$boil trading manual
=260  \\$aCambridge (Abington Hall, Abington, Cambridge CB1 6AH) :$bWoodhead,$c1995-
=300  \\$av. (loose-leaf) ;$c27 cm.
=336  \\$atext$2rdacontent
=337  \\$aunmediated$2rdamedia
=338  \\$avolume$2rdacarrier
=650  \0$aPetroleum industry and trade$vHandbooks, manuals, etc.
=653  1\$aFuel resources$aEconomics
=690  7\$aManagement and Business Studies$2blcoll
=700  1\$aLong, David,$d1954-
=852  41$aBritish Library$bSTI$j(XB) NP 93$31995
=852  71$aBritish Library$bSTI$cRES$k(XB)$hNP 93$2blsrissc$31996, ISSUE 1-, DEFICIENT: ISSUES 2&3- ISSUE 6.
=957  \\$aCR
=985  \\$aRecord merged & converted to integrating resource record without sight of original. Do not merge with ISSN record on #011453569 (cannot merge ISSN records with Integrating records) CS 23/4/10
=CAT  \\$aCONV$b00$c20040425$lBLL90$h0555
=CAT  \\$aCONV$b00$c20040502$lBLL01$h1315
=CAT  \\$aBATCH$b00$c20091122$lBLL01$h1004
=CAT  \\$a8124$b40$c20100423$lBLL01$h1108
=CAT  \\$a8124$b40$c20100423$lBLL01$h1112
=CAT  \\$aBATCH690$c20100715$lBLL01$h2101
=CAT  \\$aBATCH-MBS$c20100716$lBLL01$h2046
=CAT  \\$aWR14_140$c20140905$lBLL01$h1731
=FIN  \\$aY
=FMT  \\$a  SE
=LAS  \\$aWR14_140$b00$c20140905$lBLL01$h1731
=LEO  \\$aMP5.0000826664
=LEO  \\$aMP25.0000298982
=SRC  \\$aDSS03$bbibsr.200404.2.aa
=SRC  \\$aSRI01$bbibmp25.200404.2.aa
=SRC  \\$aBNB03$bbibmp5.200404.2.ab
=TCO  \\$aCLA$bCLA$c008

