=LDR  04556cas a2201033 a 4500
=001  009175998
=003  Uk
=005  20230209105127.0
=007  ta
=008  751101c19409999ru\\x\\\\\\\\\0\\\c0rusod
=019  c\$a2007537
=019  x\$a1891580264
=022  \\$y0132-1501
=040  \\$aMnMULS$beng$cMnMULS$dUk
=041  0\$arus$aeng$beng$feng$ffre
=042  \\$aukblsr
=082  04$a709.47$222$qUK-WkNB
=245  00$aSoobshchenii︠a︡ Gosudarstvennogo Ėrmitazha.
=246  30$aSoobshchenii︠a︡ Gosudarstvennogo ordena Lenina Ėrmitazha
=246  3\$aReports of the State Hermitage Museum
=246  3\$aState Hermitage Museum :$breports
=260  \\$aLeningrad ;$aSankt-Peterburg :$bGosudarstvennyĭ Ėrmitazh,$c1940-
=300  \\$av. :$bill. ;$c26 cm.
=310  \\$aIrregular,$b1990-
=321  \\$aAnnual,$b1940-1971
=321  \\$aSemiannual,$b1972-1973
=321  \\$aAnnual,$b1974-1988
=336  \\$atext$2rdacontent
=337  \\$aunmediated$2rdamedia
=338  \\$avolume$2rdacarrier
=362  1\$aBegan with 1, published in 1940.
=500  \\$aLatest issue consulted: 66 (2008).
=500  \\$aIssues for 1965-<1997> called: Soobshchenii︠a︡ Gosudarstvennogo ordena Lenina Ėrmitazha.
=500  \\$aSome issues -2008 in English.
=500  \\$aImprint varies.
=500  \\$aDescription based on: 4 (1947); title from cover.
=540  \\$aBritish Library not licensed to copy$c0$5Uk
=546  \\$a-2008, text in Russian and English. Summaries in English; tables of contents also in French or English.
=610  20$aGosudarstvennyĭ Ėrmitazh (Russia)$vPeriodicals.
=650  \0$aArt$zRussia (Federation)$vPeriodicals.
=710  2\$aGosudarstvennyĭ Ėrmitazh (Russia)
=785  01$tSoobshchenii︠a︡ Gosudarstvennogo Ėrmitazha. English. Reports of the State Hermitage Museum
=852  41$aBritish Library$bHMNTS$jAc.5583.b/82.$3Vyp. 1 (1940)-Issue 66(2008)***Deficient: vyp. 55, 56. Vyp. 1-3 are photocopies
=852  41$aBritish Library$bDSC$j0165.795000$3Vyp. 21 (1970)-vyp. 56 (1995)
=880  \\$6245-00$aСообщения Государственного Эрмитажа
=945  \\$aSOOBSHCHENIIA- GOSUDARSTVENNYI ERMITAZH.
=959  \\$fHeld but not currently received
=963  \\$aNO. 1, 1940- 3, 1945 *A=1$bY$cL400.C.97
=985  \\$a0132-1501 relates to ISSN Key Titile (Soobŝeniâ Gosudarstvennogo ordena Lenina èrmitaža), "Gosudarstvennyĭ ordena Lenina Ėrmitazh (Russia)" is a see reference to heading Gosudarstvennogo Ėrmitazha. Ordena Lenina appears in title from 1965-<1997>
=985  \\$aEnglish version splits off from LXVII 2010
=985  \\$aCorrected by MS generated file for WR# 12.018
=A02  \\$a2007537
=ACF  \\$aPrevious copyright fee: GBP5.00$c0$e01-jul-2002$fGBP5.00$g0$hC$5Uk
=ACF  \\$aCurrent copyright fee: GBP2.50$c0$e01-jul-1998$fGBP2.50$g0$hC$5Uk
=ACF  \\$aCurrent copyright fee: GBP2.30$c0$e01-apr-1997$fGBP2.30$g0$hC$5Uk
=CAT  \\$aCONV$b00$c20040425$lBLL90$h0657
=CAT  \\$aCONV$b00$c20040502$lBLL01$h1317
=CAT  \\$c20041009$lBLL01$h1907
=CAT  \\$a11937$b40$c20051122$lBLL01$h1002
=CAT  \\$a11937$b40$c20051122$lBLL01$h1004
=CAT  \\$a10502$b40$c20060426$lBLL01$h1551
=CAT  \\$aBATCH-UPD$b40$c20080816$lBLL01$h2005
=CAT  \\$aBATCH$b00$c20091209$lBLL01$h0400
=CAT  \\$aBATCH$b00$c20091214$lBLL01$h0339
=CAT  \\$aBATCH$b00$c20091216$lBLL01$h0118
=CAT  \\$aBATCH-UPD$b00$c20101201$lBLL01$h1220
=CAT  \\$aIPL-CLA$c20101231$lBLL01$h1243
=CAT  \\$aBATCH-UPD$b00$c20110907$lBLL01$h1801
=CAT  \\$aIPL-CLA$c20110908$lBLL01$h1716
=CAT  \\$aBLSS-CORR$b00$c20120724$lBLL01$h1755
=CAT  \\$aBATCH-CLA$b00$c20121104$lBLL01$h1017
=CAT  \\$aWR13.005$c20130322$lBLL01$h1923
=CAT  \\$a11853$b40$c20140102$lBLL01$h1335
=CAT  \\$a11853$b40$c20140102$lBLL01$h1340
=CAT  \\$a8874$b40$c20150527$lBLL01$h1200
=CAT  \\$a8874$b40$c20220826$lBLL01$h1513
=CAT  \\$a8124$b40$c20230119$lBLL01$h1402
=CAT  \\$a8124$b40$c20230209$lBLL01$h1051
=CAT  \\$a8124$b40$c20230209$lBLL01$h1051
=CFI  0\$aBritish Library not licensed to copy$c0$e07-sep-2011$hC$iTX$5Uk
=CFI  2\$aPrevious copyright fee: GBP10.50$c0$e01-jan-2011$fGBP10.50$g0$hA$5Uk
=FIN  \\$aY
=FMT  \\$a  SE
=LAS  \\$a8124$b40$c20230209$lBLL01$h1051
=LEO  \\$aMP10.0000018083
=LEO  \\$aMP1.0002261145
=SRC  \\$aBLS01$bbibmp1.200404.2.ac
=SRC  \\$aDSS01$bbibmp10.200404.2.aa
=TCO  \\$aXXX$c008

