=LDR  03748cas a2200865 a 4500
=001  009177550
=003  Uk
=005  20220203114652.0
=007  ta
=008  050413c19569999ru\\x\\\\\\\\\0\\\c0rus\d
=019  c\$a2008648
=019  x\$a1891590049
=022  0\$y0131-9345$y0259-7160
=040  \\$aDRB$beng$cDRB$dUk
=041  0\$arus$beng
=110  2\$aGosudarstvennyĭ Ėrmitazh (Russia)
=245  10$6880-01$aTrudy Gosudarstvennogo Ėrmitazha.
=246  1\$iMinor title change:$aTrudy Gosudarstvennogo ordena Lenina Ėrmitazha
=260  \\$aLeningrad ;$aSankt-Peterburg :$bIzdatelstvo Gosudarstvennogo Ėrmitazha,$c1956-
=300  \\$av :$bill., ports ;$c26 cm.
=336  \\$atext$2rdacontent
=337  \\$aunmediated$2rdamedia
=338  \\$avolume$2rdacarrier
=500  \\$aIssues <21-> have title: Trudy Gosudarstvennogo ordena Lenina Ėrmitazha.
=500  \\$aDescription based on: T. 1, published in 1956.
=500  \\$aTrudy Gosudarstvennogo ordena Lenina Ėrmitazha.
=500  \\$aEach no. has a distinctive title.
=540  \\$aBritish Library not licensed to copy$c0$5Uk
=546  \\$aSummaries and table of contents also in English.
=650  \0$aArt$vPeriodicals.
=650  \0$aArt$zRussia$vPeriodicals.
=852  41$aBritish Library$bHMNTS$jAc.5583.b/84$3Tom 1 (1956)-
=852  41$aBritish Library$bDSC$j0250.900000$3T. 1 (1958)-t. 27 (1989)***UKRR Retained Title Stock incomplete
=880  10$6245-01$aТруды Государственного Эрмитажа.
=945  \\$aTRUDY - GOSUDARSTVENNYI ERMITAZH.
=963  \\$aT. 3, 1959- 6, [19?] *A=1; 8, [19?]- *A=1$bY$cS400:01.B.46
=985  \\$aISSN has c/t at c1974 (from 0259-7160 to 0131-9345) when there was a variation in corporate body name from Gosudarstvennyĭ Ėrmitazh (Russia) to Gosudarstvennogo ordena Lenina Ėrmitazha but NAL heading (main entry) did not change,noted here in the 246
=A02  \\$a2008648
=ACF  \\$aPrevious copyright fee: GBP5.00$c0$e01-jul-2002$fGBP5.00$g0$hC$5Uk
=ACF  \\$aCurrent copyright fee: GBP4.40$c0$e01-jul-1998$fGBP4.40$g0$hA$5Uk
=ACF  \\$aCurrent copyright fee: GBP4.20$c0$e01-apr-1997$fGBP4.20$g0$hA$5Uk
=CAT  \\$aCONV$b00$c20040425$lBLL90$h0657
=CAT  \\$aCONV$b00$c20040502$lBLL01$h1317
=CAT  \\$c20041009$lBLL01$h1908
=CAT  \\$a11937$b40$c20051122$lBLL01$h1016
=CAT  \\$a11937$b40$c20051122$lBLL01$h1017
=CAT  \\$a10502$b40$c20060426$lBLL01$h1555
=CAT  \\$aBATCH-UPD$b40$c20061019$lBLL01$h2035
=CAT  \\$aBATCH-UPD$b40$c20080816$lBLL01$h2005
=CAT  \\$a10502$b40$c20091103$lBLL01$h1202
=CAT  \\$aBATCH$b00$c20091209$lBLL01$h0400
=CAT  \\$aBATCH$b00$c20091214$lBLL01$h0340
=CAT  \\$aBATCH$b00$c20091216$lBLL01$h0118
=CAT  \\$aBATCH-UPD$b00$c20101201$lBLL01$h1220
=CAT  \\$aIPL-CLA$c20101231$lBLL01$h1243
=CAT  \\$a10502$b40$c20110421$lBLL01$h1402
=CAT  \\$a10502$b40$c20110421$lBLL01$h1403
=CAT  \\$aBATCH-UPD$b40$c20110907$lBLL01$h1802
=CAT  \\$aIPL-CLA$c20110908$lBLL01$h1716
=CAT  \\$aBATCH-CLA$b00$c20121104$lBLL01$h1017
=CAT  \\$aWR13.005$c20130322$lBLL01$h1924
=CAT  \\$a11853$b40$c20180626$lBLL01$h1852
=CAT  \\$a8124$b40$c20220203$lBLL01$h1140
=CAT  \\$a8124$b40$c20220203$lBLL01$h1146
=CFI  0\$aBritish Library not licensed to copy$c0$e07-sep-2011$hC$iTX$5Uk
=CFI  2\$aPrevious copyright fee: GBP10.50$c0$e01-jan-2011$fGBP10.50$g0$hA$5Uk
=FIN  \\$aY
=FMT  \\$a  SE
=LAS  \\$a8124$b40$c20220203$lBLL01$h1146
=LEO  \\$aMP1.0002261155
=LEO  \\$aMP1.0002261155.0.1
=LEO  \\$aMP10.0000020084
=SRC  \\$aBLS01$bbibmp1.200404.2.ac
=SRC  \\$aDSS01$bbibmp10.200404.2.aa
=TCO  \\$aXXX$c008

