=LDR  03223cas a22007693  4500
=001  009179726
=003  Uk
=005  20190607111322.0
=007  ta
=008  040409c19929999ur\br\p\\\\\\\0\\\c0rus\\
=019  c\$a2522113
=022  0\$a1024-1817$y2310-4287
=040  \\$aUk$beng$cUk$erda
=041  1\$arus$beng
=042  \\$aukblsr
=082  04$a410$223
=222  \0$aFilologičeskie nauki
=245  00$6880-02$aFilologicheskie nauki.
=246  1\$iAdded English title page:$aPhilological sciences :$bScientific essays of higher education
=264  \1$aMoskva :$bVysšaâ škola
=300  \\$c23 cm
=310  \\$aBimonthly
=336  \\$atext$2rdacontent
=337  \\$aunmediated$2rdamedia
=338  \\$avolume$2rdacarrier
=362  0\$a1992, 1-
=500  \\$aFrom 2013, issues carry subtitle: Naučnye doklady vysšej školy.
=540  \\$aBritish Library not licensed to copy$c0$5Uk
=546  \\$aText in Russian with abstracts in Russian and English.
=588  \\$aLatest issue consulted: 2019, 1.
=595  \\$aFORMERLY NAUCHNYE 0121.73 CHANGE BETWEEN 1991 AND 1994(5/6)
=650  \0$aPhilology$vPeriodicals.
=650  \0$aLinguistics$vPeriodicals.
=650  \0$aLiterature$xHistory and criticism$vPeriodicals.
=650  \0$aRussian literature$xHistory and criticism$vPeriodicals.
=780  00$tNaučnye doklady vysšej školy. Filologičeskie nauki$x0130-9730
=852  41$aBritish Library$bDSC$j0391.305090$31994(5/6) *A=1; 1996(1) *A=1; 1999(1) *A=1
=852  41$aBritish Library$bHMNTS$jP.P.7612(9)$31993, 4- (1994, 5, 6 MISSING)
=880  10$6245-02$aФилологические науки.
=945  \\$aFILOLOGICHESKIE NAUKI.
=959  \\$fHeld but not currently received
=985  \\$aNB. RUSSIAN ISSN CENTRE ASSIGNS A NEW ISSN - 2310-4287 - FROM 2013, WITH KEY TITLE "Filologičeskie nauki. Naučnye doklady vysšej školy". DECISION NOT TO UPGRADE RECORD WITH C/T AS DIFFERENCE LOOKS LIKE THE ADDITION OF A SUBTITLE.
=A02  \\$a2522113
=ACF  \\$aPrevious copyright fee: GBP5.00$c0$e01-jul-2002$fGBP5.00$g0$hC$5Uk
=ACF  \\$aCurrent copyright fee: GBP2.50$c0$e01-jul-1998$fGBP2.50$g0$hC$5Uk
=ACF  \\$aCurrent copyright fee: GBP2.30$c0$e01-apr-1997$fGBP2.30$g0$hC$5Uk
=CAT  \\$aCONV$b00$c20040425$lBLL90$h0658
=CAT  \\$aCONV$b00$c20040502$lBLL01$h1318
=CAT  \\$c20041009$lBLL01$h1910
=CAT  \\$aBATCH$b00$c20091209$lBLL01$h0401
=CAT  \\$aBATCH$b00$c20091214$lBLL01$h0341
=CAT  \\$aBATCH$b00$c20091216$lBLL01$h0119
=CAT  \\$aBATCH-UPD$b00$c20101201$lBLL01$h1220
=CAT  \\$aIPL-CLA$c20101231$lBLL01$h1244
=CAT  \\$aBATCH-UPD$b00$c20110907$lBLL01$h1802
=CAT  \\$aIPL-CLA$c20110908$lBLL01$h1717
=CAT  \\$aBATCH-CLA$b00$c20121104$lBLL01$h1016
=CAT  \\$aWR13.005$c20130322$lBLL01$h1925
=CAT  \\$a8483$b40$c20190607$lBLL01$h1113
=CFI  0\$aBritish Library not licensed to copy$c0$e07-sep-2011$hC$iTX$5Uk
=CFI  2\$aPrevious copyright fee: GBP10.50$c0$e01-jan-2011$fGBP10.50$g0$hA$5Uk
=FIN  \\$aY
=FMT  \\$a  SE
=LAS  \\$a8483$b40$c20190607$lBLL01$h1113
=LEO  \\$aMP10.0000022788
=SRC  \\$aDSS01$bbibmp10.200404.2.aa
=TCO  \\$aXXX$c008

