=LDR  06238cas a22014053  4500
=001  009180300
=003  Uk
=005  20230707093208.0
=008  920820d19912018un\mr\p\\\\\\\0\\\c0rusoc
=010  \\$a   92645573 $zsn 92037209 
=019  c\$a2507266
=022  0\$a2522-9311$l2522-9311$y0131-7741$20
=035  \\$a(OCoLC)26453115
=040  \\$aNDD$beng$cNDD$dPIT$dDLC$dNST$dWAU$dAGL$dOCLCQ$dNYDWH$dOCLCO$dOCLCQ$dOCLCF$dOCLCO$dZCU$dFUG$dIUL$dPUL$dUk
=042  \\$apcc
=043  \\$ae-un---
=050  00$aHC59$b.E4574
=070  0\$aHC337.U5A1
=072  \0$aX700
=130  0\$6880-01$aEkonomika Ukraïny.$lRussian.
=210  0\$aÈkon. Ukr.
=222  \0$6880-02$aÈkonomika Ukrainy
=242  00$aUkrainian economy.$yeng
=245  10$6880-03$aĖkonomika Ukrainy.
=246  31$aEconomy of Ukraine
=260  \\$aKiev :$bRadi͡ansʹka Ukraïna,$cc1991-
=264  31$6880-04$aKiev :$bPresa Ukraïny "Ekonomika Ukrainy"
=300  \\$av. ;$c26 cm.
=310  \\$aMonthly
=336  \\$atext$2rdacontent
=337  \\$aunmediated$2rdamedia
=338  \\$avolume$2rdacarrier
=362  0\$a1991, 12 (dek. 1991)-
=362  1\$aCeased in 2018.
=500  \\$aTitle from cover.
=515  \\$aIssues for 1991, 12- called also 353-
=515  \\$aIssues carry also a month designation.
=540  \\$aCurrent Copyright Fee: GBP25.00$c0$5Uk
=550  \\$a"Politiko-ėkonomicheskiĭ zhurnal Ministerstva ėkonomiki Ukrainy i Akademii nauk Ukrainy," Dec. 1991; "Politiko-ėkonomicheskiĭ zhurnal Ministerstva ėkonomiki Ukrainy, Ministerstva finansov Ukrainy i Akademii nauk Ukrainy," 1992-
=580  \\$aAlso issued in Ukrainian as: Ekonomika Ukraïny.
=588  \\$aLatest issue consulted: 2001, 6 = 467.
=595  \\$aFORMERLY EKONOMIKA SOVETSKOI UKRAINY 0397.72 CHANGE BETWEEN 1990(12) AND 1994(2)
=648  \7$aSince 1945$2fast
=650  \0$aEconomic history$y1945-$vPeriodicals.
=650  \7$aEconomic history.$2fast$0(OCoLC)fst00901974
=650  \7$aEconomic policy.$2fast$0(OCoLC)fst00902025
=650  \7$aECONOMIC CONDITIONS.$2unbist
=650  \7$aECONOMIC POLICY.$2unbist
=650  \7$aUKRAINE.$2unbist
=650  \7$aECONOMICS.$2unbist
=651  \0$aUkraine$xEconomic conditions$vPeriodicals.
=651  \0$aUkraine$xEconomic policy$vPeriodicals.
=651  \7$aUkraine.$2fast$0(OCoLC)fst01211738
=655  \7$aPeriodicals.$2fast$0(OCoLC)fst01411641
=710  1\$aUkraine.$bMinisterstvo ekonomiky.
=710  2\$aAkademii︠a︡ nauk Ukraïny.
=710  1\$aUkraine.$bMinisterstvo finansiv.
=775  08$iUkrainian version:$tEkonomika Ukraïny$x2522-9303
=776  08$iOnline version:$tĖkonomika Ukrainy$x2522-9478
=780  00$tEkonomika Radi͡ans'koï Ukraïny. Russian$x0131-7741
=852  41$aBritish Library$bDSC$j0397.765000$3No. 2 (1994)
=852  41$aBritish Library$bHMNTS$jS.NB.31$3(1991)-(2002)***Stock incomplete
=880  0\$6130-01$aЭкономика Украины. Russian
=880  \0$6222-01$aЭкономика Украины
=880  10$6245-03$aЭкономика Украины
=880  31$6264-04$aПреса України "Эсономика Украины"
=945  \\$aEKONOMIKA UKRAINY.
=959  \\$fHeld but not currently received
=985  \\$aRussian Language Version (The Ukrainian original version with ISSN 2522-9303, not currently catalogued on Aleph).
=A02  \\$a2507266
=ACF  \\$aPrevious copyright fee: GBP9.00$c0$e01-apr-2010$fGBP9.00$g0$hA$5Uk
=ACF  \\$aPrevious copyright fee: GBP6.00$c0$e01-apr-2008$fGBP6.00$g0$hA$5Uk
=ACF  \\$aPrevious copyright fee: GBP5.00$c0$e01-jul-2002$fGBP5.00$g0$hA$5Uk
=ACF  \\$aCurrent copyright fee: GBP2.50$c0$e01-jul-1998$fGBP2.50$g0$hC$5Uk
=ACF  \\$aCurrent copyright fee: GBP2.30$c0$e01-apr-1997$fGBP2.30$g0$hC$5Uk
=ACF  \\$aPrevious copyright fee: GBP10.50$c0$e01-jan-2011$fGBP10.50$g0$hA$5Uk
=ACF  \\$aPrevious copyright fee: GBP12.00$c0$e01-jan-2012$fGBP12.00$g0$hA$5Uk
=ACF  \\$aPrevious Copyright Fee: GBP12.30$c0$e01-jan-2014$fGBP12.30$g0$hA$5Uk
=ACF  \\$aPrevious Copyright Fee: GBP15.00$c0$e01-jan-2017$fGBP15.00$g0$hA$5Uk
=ACF  \\$aPrevious Copyright Fee: GBP17.50$c0$e01-jan-2018$fGBP17.50$g0$hA$5Uk
=ACF  \\$aPrevious Copyright Fee: GBP20.00$c0$e01-jan-2020$fGBP20.00$g0$hA$5Uk
=CAT  \\$aCONV$b00$c20040425$lBLL90$h0658
=CAT  \\$aBATCH-UPD$b00$c20100225$lBLL01$h2336
=CAT  \\$aBATCH-UPD$b00$c20100331$lBLL01$h2127
=CAT  \\$aBATCH-UPD$b00$c20100401$lBLL01$h0059
=CAT  \\$aBATCH$b00$c20100401$lBLL01$h0408
=CAT  \\$aBATCH$b00$c20100401$lBLL01$h1419
=CAT  \\$aBATCH-UPD$b00$c20101124$lBLL01$h1803
=CAT  \\$aBATCH-UPD$b00$c20101125$lBLL01$h1025
=CAT  \\$aIPL-CLA$c20101231$lBLL01$h1244
=CAT  \\$aWR11_203$c20111204$lBLL01$h1326
=CAT  \\$aIPL-CLA$c20111230$lBLL01$h1746
=CAT  \\$aBATCH-CLA$b00$c20121104$lBLL01$h1016
=CAT  \\$aWR13.005$c20130322$lBLL01$h1925
=CAT  \\$aBATCH-CLA$c20131217$lBLL01$h1747
=CAT  \\$aIPL-CLA$c20131231$lBLL01$h1949
=CAT  \\$aBATCH-CLA$b00$c20161222$lBLL01$h1713
=CAT  \\$aIPL-CLA$c20161230$lBLL01$h1850
=CAT  \\$aBATCH-CLA$b00$c20171222$lBLL01$h2012
=CAT  \\$aIPL-CLA$c20171231$lBLL01$h1425
=CAT  \\$aBATCH-CLA$b00$c20191219$lBLL01$h1638
=CAT  \\$aIPL-CLA$c20191231$lBLL01$h1748
=CAT  \\$aBATCH-CLA$b00$c20201204$lBLL01$h1434
=CAT  \\$aIPL-CLA$c20201231$lBLL01$h1949
=CAT  \\$aW2102-0046$b00$c20210506$lBLL01$h1436
=CAT  \\$aBATCH-CLA$b00$c20221221$lBLL01$h1740
=CAT  \\$aIPL-CLA$c20221231$lBLL01$h1905
=CAT  \\$a8483$b40$c20230707$lBLL01$h0927
=CAT  \\$a8483$b40$c20230707$lBLL01$h0930
=CAT  \\$a8483$b40$c20230707$lBLL01$h0932
=CFI  0\$aCurrent Copyright Fee: GBP25.00$c0$e01-jan-2023$fGBP25.00$g0$hA$5Uk
=CFI  2\$aPrevious Copyright Fee: GBP22.50$c0$e01-jan-2021$fGBP22.50$g0$hA$5Uk
=FIN  \\$aY
=FMT  \\$a  SE
=LAS  \\$a8483$b40$c20230707$lBLL01$h0932
=LEO  \\$aMP10.0000023585
=LKR  \\$aPAR$b009180293$lBLL01$r78000$mÈkonomika Ukrainy$nÈkonomika Sovetskoj Ukrainy
=SRC  \\$aDSS01$bbibmp10.200404.2.aa
=SRC  \\$aBLL02
=TCO  \\$aZZZ$c008

