=LDR  07761cas a2201417 a 4500
=001  009180932
=003  Uk
=005  20221231143553.0
=007  ta
=008  040409c19669999xxubr\p\\\\\\\0\\\a0eng\\
=019  c\$a2011104
=022  0\$y0025-6544
=040  \\$aUk$beng$cUk$dUk
=041  1\$aeng$hrus
=042  \\$aukblsr
=082  04$a531$222
=130  0\$aMekhanika tverdogo tela.$lEnglish.
=222  \0$aMechanics of solids.
=245  10$aMechanics of solids.
=260  \\$aNew York :$bFaraday Press,$c1966-
=264  31$31967-$aNew York :$bAllerton Press
=300  \\$av. :$bill. ;$c28 cm.
=310  \\$aBi-monthly
=336  \\$atext$2rdacontent
=337  \\$aunmediated$2rdamedia
=338  \\$avolume$2rdacarrier
=362  1\$aBegan with volume 1 in 1966.
=540  \\$aCurrent copyright fee: GBP29.95$c22\1$5Uk
=546  \\$aCover to cover translation into English of Inzhenernyi zhurnal Mekhanika tverdogo tela.
=580  \\$aFrom 1966 to 1968, translation of "Inzhenernyĭ zhurnal. Mekhanika tverdogo tela", q.v. From 1969-1991, translation of "Akademii︠a︡ nauk SSSR, Izvestii︠a︡. Mekhanika tverdogo tela", q.v. From 1992-, translation of Izvestii︠a︡ Akademii nauk. Mekhanika tverdogo tela. "Dating and numbering of issues follow originals.
=588  \\$aDescription based on: Volume 1, no. 2 (Mar./Apr. 1966).
=588  \\$aLatest issue consulted: Volume 42, number 1 (January/ February 2007).
=595  \\$aFORMERLY 0421.74 UP TO VOL. 5, 1965 SEE ALSO CARD INDEX.
=650  \0$aSolids$vPeriodicals.
=650  \0$aMechanics$vPeriodicals.
=710  2\$31975-1992,$aAkademii︠a︡ nauk SSSR,$eissuing body.
=710  2\$31993-$aRossiĭskai︠a︡ akademii︠a︡ nauk,$eissuing body.
=765  1\$aIzvestiíà Akademii nauk SSSR.$tMekhanika tverdogo tela$x0572-3299
=765  1\$aIzvestii︠a︡ Akademii nauk.$tMekhanika tverdogo tela$x1026-3519
=780  00$tSoviet engineering journal$x0584-5440
=852  71$aBritish Library$bSTI$k(P)$hSC 20$m-E(1)$2blsrissc$31969- ; Vol.1, 1966-
=852  41$aBritish Library$bDSC$j0415.850000$3Vol. 1, no. 2 (1966)-v. 45, no. 6 (2010)
=856  \\$31850-9999$uhttp://www.springer.com/gb/$xBLDSS
=945  \\$aMechanics of solids c/c of Inzhenernyi Zhurnal Mekhanika Tverdogo Tela then Izvestiia- Akademiia Nauk SSSR Mekhanika Tverdogo Tela.
=959  \\$fHeld but not currently received
=985  \\$aCorrected by MS generated file for WR# 12.018
=985  \\$aDoes not follow ISSN which gives title changes for each change in presentation of issuing body name (ISSN cat. as body main entry). Checked shelf for all years. English and Russian titles stable but body changes. Russian title cat. by BL as body main entry, hence multiple 765 links
=A02  \\$a2011104
=ACF  \\$aPrevious copyright fee: GBP21.25$c13\7$e01-jan-2009$fGBP21.25$g0$hP$5Uk
=ACF  \\$aPrevious Copyright Fee: GBP16.75$c13\7$e30-may-2007$fGBP16.75$g0$hP$5Uk
=ACF  \\$aPrevious Copyright Fee: GBP25.64$c0$e01-apr-2007$fGBP25.64$g0$hC$5Uk
=ACF  \\$aPrevious Copyright Fee: GBP27.03$c0$e01-jan-2007$fGBP27.03$g0$hC$5Uk
=ACF  \\$aPrevious Copyright Fee: GBP27.03$c0$e01-oct-2006$fGBP27.03$g0$hC$5Uk
=ACF  \\$aPrevious Copyright Fee: GBP28.57$c0$e01-jul-2006$fGBP28.57$g0$hC$5Uk
=ACF  \\$aPrevious Copyright Fee: GBP28.57$c0$e01-apr-2006$fGBP28.57$g0$hC$5Uk
=ACF  \\$aPrevious Copyright Fee: GBP27.78$c0$e01-jan-2006$fGBP27.78$g0$hC$5Uk
=ACF  \\$aPrevious Copyright Fee: GBP27.03$c0$e01-oct-2005$fGBP27.03$g0$hC$5Uk
=ACF  \\$aPrevious Copyright Fee: GBP27.03$c0$e01-jul-2005$fGBP27.03$g0$hC$5Uk
=ACF  \\$aPrevious Copyright Fee: GBP27.03$c0$e01-apr-2005$fGBP27.03$g0$hC$5Uk
=ACF  \\$aPrevious Copyright Fee: GBP27.78$c0$e01-jan-2005$fGBP27.78$g0$hC$5Uk
=ACF  \\$aPrevious Copyright Fee: GBP27.03$c0$e01-oct-2004$fGBP27.03$g0$hC$5Uk
=ACF  \\$aPrevious copyright fee: GBP27.03$c0$e01-apr-2004$fGBP27.03$g0$hC$5Uk
=ACF  \\$aCurrent copyright fee: GBP29.41$c0$e01-jan-2004$fGBP29.41$g0$hC$5Uk
=ACF  \\$aCurrent copyright fee: GBP31.25$c0$e01-jan-2003$fGBP31.25$g0$hC$5Uk
=ACF  \\$aPrevious copyright fee: GBP22.00$c13\7$e01-apr-2009$fGBP22.00$g0$hP$5Uk
=ACF  \\$aPrevious copyright fee: GBP22.00$c13\7$e12-aug-2012$fGBP22.00$g0$hP$5Uk
=ACF  \\$aPrevious copyright fee: GBP25.00$c13\7$e01-jan-2013$fGBP25.00$g0$hP$5Uk
=ACF  \\$aPrevious copyright fee: GBP25.77$c13\7$e01-jul-2013$fGBP25.77$g0$hP$5Uk
=ACF  \\$aPrevious copyright fee: GBP24.97$c13\7$e01-jan-2014$fGBP24.97$g0$hP$5Uk
=ACF  \\$aPrevious copyright fee: GBP24.21$c13\7$e01-jul-2014$fGBP24.21$g0$hP$5Uk
=ACF  \\$aPrevious copyright fee: GBP25.77$c13\7$e01-apr-2015$fGBP25.77$g0$hP$5Uk
=ACF  \\$aPrevious copyright fee: GBP26.63$c13\7$e01-jul-2015$fGBP26.63$g0$hP$5Uk
=ACF  \\$aPrevious copyright fee: GBP25.77$c13\7$e01-oct-2015$fGBP25.77$g0$hP$5Uk
=ACF  \\$aPrevious copyright fee: GBP27.55$c13\7$e01-apr-2016$fGBP27.55$g0$hP$5Uk
=ACF  \\$aPrevious copyright fee: GBP29.59$c13\7$e01-oct-2016$fGBP29.59$g0$hP$5Uk
=ACF  \\$aPrevious copyright fee: GBP31.96$c13\7$e01-apr-2017$fGBP31.96$g0$hP$5Uk
=ACF  \\$aPrevious copyright fee: GBP30.73$c13\7$e01-oct-2017$fGBP30.73$g0$hP$5Uk
=ACF  \\$aPrevious copyright fee: GBP28.54$c13\7$e01-apr-2018$fGBP28.54$g0$hP$5Uk
=CAT  \\$aCONV$b00$c20040425$lBLL90$h0658
=CAT  \\$aIPL-CLA$c20150630$lBLL01$h1635
=CAT  \\$aBATCH-UPD$b00$c20150820$lBLL01$h1759
=CAT  \\$aIPL-CLA$c20150930$lBLL01$h1747
=CAT  \\$aBATCH-UPD$b00$c20160217$lBLL01$h1647
=CAT  \\$aIPL-CLA$c20160331$lBLL01$h1704
=CAT  \\$aBATCH-UPD$b00$c20160413$lBLL01$h1805
=CAT  \\$a8124$b40$c20160512$lBLL01$h1517
=CAT  \\$a8124$b40$c20160517$lBLL01$h0927
=CAT  \\$a8124$b40$c20160517$lBLL01$h0930
=CAT  \\$a8124$b40$c20160517$lBLL01$h0932
=CAT  \\$a8124$b40$c20160517$lBLL01$h0941
=CAT  \\$aBATCH-UPD$b40$c20160524$lBLL01$h2154
=CAT  \\$aBATCH-UPD$b40$c20160824$lBLL01$h1724
=CAT  \\$aIPL-CLA$c20160930$lBLL01$h1547
=CAT  \\$aBATCH-UPD$b00$c20170216$lBLL01$h1812
=CAT  \\$aBATCH-UPD$b00$c20170216$lBLL01$h1830
=CAT  \\$aIPL-CLA$c20170331$lBLL01$h1831
=CAT  \\$aBATCH-UPD$b00$c20170904$lBLL01$h1814
=CAT  \\$aIPL-CLA$c20170929$lBLL01$h1713
=CAT  \\$aBATCH-UPD$b00$c20180223$lBLL01$h1631
=CAT  \\$aIPL-CLA$c20180331$lBLL01$h1601
=CAT  \\$aBATCH-UPD$b00$c20180524$lBLL01$h1701
=CAT  \\$aIPL-CLA$c20180630$lBLL01$h1909
=CAT  \\$aBATCH-UPD$b00$c20221121$lBLL01$h1357
=CAT  \\$aIPL-CLA$c20221231$lBLL01$h1435
=CFI  0\$aCurrent copyright fee: GBP29.95$c22\1$e01-jan-2023$fGBP29.95$g0$hP$5Uk
=CFI  2\$aPrevious copyright fee: GBP34.00$c22\1$e01-jul-2018$fGBP34.00$g0$hP$5Uk
=EST  \\$a2
=FFP  \\$aY$bBLDSS-3PM
=FIN  \\$aY
=FMT  \\$a  SE
=LAS  \\$aIPL-CLA$b00$c20221231$lBLL01$h1435
=LEO  \\$aMP25.0000027457
=LEO  \\$aMP10.0000024430
=LKR  \\$aPAR$b012756961$lBLL01$n1969-1991, Izvestiíà Akademii nauk SSSR. Mekhanika tverdogo$mMechanics of solids$r765
=LKR  \\$aPAR$b012756962$lBLL01$n1992- Izvestii︠a︡ Akademii nauk. Mekhanika tverdogo tela$r765$mMechanics of solids.
=SRC  \\$aSRI01$bbibmp25.200404.2.aa
=SRC  \\$aDSS01$bbibmp10.200404.2.aa
=SSD  \\$a50300{dollar}aContinuation of "Soviet engineering journal", q.v; 50300{dollar}aFrom 1966 to 1968, translation of "Inzhenernyĭ zhurnal. Mekhanika tverdogo tela", q.v. From 1969, translation of "Akademii︠a︡ nauk SSSR, Izvestii︠a︡. Mekhanika tverdogo tela", q.v. Dating and numbering of issues follow originals
=TCO  \\$aTRS$bCCC$c008
=TOC  \\$aETOC
=UNO  \\$aY

