=LDR  05238cas a22011537a 4500
=001  009181013
=003  Uk
=005  20221231143554.0
=008  040409c19939999ru\bx\p\\\\\\\0\\\a0eng\\
=019  c\$a2462290
=022  \\$a0869-5911
=040  \\$aUk$cUk$dUk
=041  1\$aeng$hrus
=082  04$a552$222
=130  0\$aPetrologii︠a︡.$lEnglish.
=222  \0$aPetrology
=245  10$aPetrology.
=260  \\$a[Moscow] :$bPleiades ;$bNauka/Interperiodica,$c1993-
=260  3\$a[Moscow] :$bMAIK Nauka/Interperiodica ;$a[Heidelberg] :$bdistributed by Springer Science+Business Media
=300  \\$av.
=310  \\$aSeven issues yearly,$b2008-
=321  \\$aBimonthly
=336  \\$atext$2rdacontent
=337  \\$aunmediated$2rdamedia
=338  \\$avolume$2rdacarrier
=362  0\$aVol. 1, no. 1 (Feb. 1993)-
=540  \\$aCurrent copyright fee: GBP29.95$c22\1$5Uk
=580  \\$aCover to cover translation into English from Russian.
=650  \0$aPetrology$vPeriodicals.
=650  \0$aPetrology$zFormer Soviet republics$vPeriodicals.
=765  1\$tPetrologii︠a︡$x0869-5903
=852  41$aBritish Library$bDSC$j0416.760000$3Vol. 1 (1993)-v. 18, no. 6 (2010)
=856  \\$31850-9999$uhttp://www.springer.com/gb/$xBLDSS
=945  \\$aPETROLOGY C/C OF PETROLOGIIA
=959  \\$fHeld but not currently received
=963  \\$aCA/U-2 VOL. 1, 1993- 4, 1996 *A=1$bN
=985  \\$aCorrected by MS generated file for WR# 12.018
=985  \\$aPrint record upgraded with information from online and ISSN records, 31/10/12 (RB).
=A02  \\$a2462290
=ACF  \\$aPrevious copyright fee: GBP21.25$c22\8$e01-jan-2009$fGBP21.25$g0$hP$5Uk
=ACF  \\$aPrevious copyright fee: GBP16.75$c22\8$e01-jan-2007$fGBP16.75$g0$hP$5Uk
=ACF  \\$aPrevious copyright fee: GBP16.22$c22\8$e01-oct-2006$fGBP16.22$g0$hP$5Uk
=ACF  \\$aPrevious Copyright Fee: GBP17.14$c22\8$e07-apr-2006$fGBP17.14$g0$hP$5Uk
=ACF  \\$aPrevious Copyright Fee: GBP11.25$c14\0$e26-jan-1999$fGBP11.25$g0$hP$5Uk
=ACF  \\$aCurrent copyright fee: GBP11.25$c14\0$e01-jan-1998$fGBP11.25$g0$hP$5Uk
=ACF  \\$aCurrent copyright fee: GBP2.30$c0$e01-apr-1997$fGBP2.30$g0$hC$5Uk
=ACF  \\$aPrevious copyright fee: GBP22.00$c22\8$e01-apr-2009$fGBP22.00$g0$hP$5Uk
=ACF  \\$aPrevious copyright fee: GBP22.00$c22\8$e12-aug-2012$fGBP22.00$g0$hP$5Uk
=ACF  \\$aPrevious copyright fee: GBP25.00$c22\8$e01-jan-2013$fGBP25.00$g0$hP$5Uk
=ACF  \\$aPrevious copyright fee: GBP25.77$c22\8$e01-jul-2013$fGBP25.77$g0$hP$5Uk
=ACF  \\$aPrevious copyright fee: GBP24.97$c22\8$e01-jan-2014$fGBP24.97$g0$hP$5Uk
=ACF  \\$aPrevious copyright fee: GBP24.21$c22\8$e01-jul-2014$fGBP24.21$g0$hP$5Uk
=ACF  \\$aPrevious copyright fee: GBP25.77$c22\8$e01-apr-2015$fGBP25.77$g0$hP$5Uk
=ACF  \\$aPrevious copyright fee: GBP26.63$c22\8$e01-jul-2015$fGBP26.63$g0$hP$5Uk
=ACF  \\$aPrevious copyright fee: GBP25.77$c22\8$e01-oct-2015$fGBP25.77$g0$hP$5Uk
=ACF  \\$aPrevious copyright fee: GBP27.55$c22\8$e01-apr-2016$fGBP27.55$g0$hP$5Uk
=ACF  \\$aPrevious copyright fee: GBP29.59$c22\8$e01-oct-2016$fGBP29.59$g0$hP$5Uk
=ACF  \\$aPrevious copyright fee: GBP31.96$c22\8$e01-apr-2017$fGBP31.96$g0$hP$5Uk
=ACF  \\$aPrevious copyright fee: GBP30.73$c22\8$e01-oct-2017$fGBP30.73$g0$hP$5Uk
=ACF  \\$aPrevious copyright fee: GBP28.54$c22\8$e01-apr-2018$fGBP28.54$g0$hP$5Uk
=CAT  \\$aCONV$b00$c20040425$lBLL90$h0658
=CAT  \\$aIPL-CLA$c20140630$lBLL01$h1701
=CAT  \\$aBLDSS-3PM$b00$c20150103$lBLL01$h1041
=CAT  \\$aBATCH-UPD$b00$c20150219$lBLL01$h1755
=CAT  \\$aIPL-CLA$c20150331$lBLL01$h1619
=CAT  \\$aBATCH-UPD$b00$c20150520$lBLL01$h1759
=CAT  \\$aIPL-CLA$c20150630$lBLL01$h1635
=CAT  \\$aBATCH-UPD$b00$c20150820$lBLL01$h1845
=CAT  \\$aIPL-CLA$c20150930$lBLL01$h1747
=CAT  \\$aBATCH-UPD$b00$c20160217$lBLL01$h1737
=CAT  \\$aIPL-CLA$c20160331$lBLL01$h1704
=CAT  \\$aBATCH-UPD$b00$c20160413$lBLL01$h1805
=CAT  \\$aBATCH-UPD$b00$c20160524$lBLL01$h2207
=CAT  \\$aBATCH-UPD$b00$c20160524$lBLL01$h2354
=CAT  \\$aBATCH-UPD$b00$c20160824$lBLL01$h1803
=CAT  \\$aIPL-CLA$c20160930$lBLL01$h1547
=CAT  \\$aBATCH-UPD$b00$c20170216$lBLL01$h1852
=CAT  \\$aIPL-CLA$c20170331$lBLL01$h1831
=CAT  \\$aBATCH-UPD$b00$c20170904$lBLL01$h1901
=CAT  \\$aIPL-CLA$c20170929$lBLL01$h1713
=CAT  \\$aBATCH-UPD$b00$c20180223$lBLL01$h1735
=CAT  \\$aIPL-CLA$c20180331$lBLL01$h1601
=CAT  \\$aBATCH-UPD$b00$c20180524$lBLL01$h1722
=CAT  \\$aIPL-CLA$c20180630$lBLL01$h1909
=CAT  \\$aBATCH-UPD$b00$c20221121$lBLL01$h1357
=CAT  \\$aIPL-CLA$c20221231$lBLL01$h1435
=CFI  0\$aCurrent copyright fee: GBP29.95$c22\1$e01-jan-2023$fGBP29.95$g0$hP$5Uk
=CFI  2\$aPrevious copyright fee: GBP34.00$c22\1$e01-jul-2018$fGBP34.00$g0$hP$5Uk
=EST  \\$a2
=FFP  \\$aY$bBLDSS-3PM
=FIN  \\$aY
=FMT  \\$a  SE
=LAS  \\$aIPL-CLA$b00$c20221231$lBLL01$h1435
=LEO  \\$aMP10.0000024516
=LKR  \\$aPAR$b013445634$lBLL01$r776$mPetrology (Print)$nPetrology (Online)
=SRC  \\$aDSS01$bbibmp10.200404.2.aa
=TCO  \\$aTRS$bCCC$c008
=TOC  \\$aETOC
=UNO  \\$aY

