=LDR  08017 as a2201633 a 4500
=001  009181142
=003  Uk
=005  20210128160745.0
=007  ta
=008  771001c19609999ru\mr\p\\\\\\\0\\\a0eng\\
=019  c\$a2011271
=019  x\$a1973380285
=019  0\$as105846007
=022  0\$a0036-021X
=040  \\$aUk$cUk$dUk
=041  1\$aeng$hrus
=050  00$aQD1$b.U713
=060  00$aW1$bRU813
=082  04$a540$223
=084  \\$aJB 00$2blsrissc
=130  0\$aUspekhi khimii.$lEnglish
=210  0\$aRuss. chem. rev.$b(Print)
=222  \0$aRussian chemical reviews$b(Print)
=245  10$aRussian chemical reviews.
=260  \\$a[Boston Spa :$bBritish Library Lending Division, etc.]
=264  31$a[Moscow] :$bRussian Academy of Sciences and Turpion Ltd
=300  \\$av. :$bill. ;$c28 cm.
=310  \\$aMonthly
=336  \\$atext$2rdacontent
=337  \\$aunmediated$2rdamedia
=338  \\$avolume$2rdacarrier
=362  0\$av. 29- Jan. 1960-
=510  2\$aChemical abstracts$x0009-2258$b-1983
=515  \\$aAssumes vol. numbering of the Russian title.
=530  \\$aCumulated by annual CD-ROM publication with the same title.
=540  \\$aCurrent Copyright Fee: GBP60.00$c77\0$5Uk
=550  \\$aVols. for 1960 issued by the Chemical Society; <, Apr. 1981- > by the British Library Lending Division with the cooperation of the Royal Society of Chemistry.
=588  \\$aLatest issue consulted: volume 83, number 8 (2014).
=595  \\$aFORMERLY 0420.43 CHANGE BETWEEN VOL. 28(9), 1959 AND 29, 1960.
=650  \0$aChemistry$vPeriodicals.
=650  \7$aChemistry$2fast$0(OCoLC)fst00853344
=655  \7$aPeriodicals$2fast$0(OCoLC)fst01411641
=710  2\$aBritish Library.$bLending Division.
=710  2\$aChemical Society (Great Britain)
=710  2\$aRoyal Society of Chemistry (Great Britain)
=765  0\$tUspekhi khimii$x0042-1308
=776  08$iAlso issued online as:$tUspekhi khimii. English$x1468-4837
=852  41$aBritish Library$bHMNTS$jAc.3923/17.$31960-1966
=852  41$aBritish Library$bDSC$j0420.755000$3Vol. 29, no. 1 (1960)-v. 83, no. 12 (2014)***UKRR Retained Title***Stock Incomplete
=852  71$aBritish Library$bSTI$k(P)$hJB 00$m-E(50)$2blsrissc$3Vol. 29 (1960)-v. 83 , no. 12(2014)***Title now taken as electronic copy
=856  \\$31850-9999$uhttp://ioppublishing.org/$xBLDSS
=883  0\$aFAST headings derived from: A topical index to pressmarks in use in the British Museum Library ... / Robin Alston. (London : R.C. Alston, 1987)$d20201111$qUk
=945  \\$aRUSSIAN CHEMICAL REVIEWS C/C OF USPEKHI KHIMII.
=959  \\$fHeld but not currently received
=963  \\$aCA/U-2 VOL. 29, 1960- *A=1$bY
=964  \\$aVOL. 31, 1962- 55, 1986 *A=1$c54$dQ$eJR9878
=985  \\$aISSN responsibibility taken by ISSN International Centre, December 17 2014.
=985  \\$aRecord merged by DQ team
=985  \\$aUpgraded by BSS-generated file for WR2012-0338
=ACF  \\$aPrevious Copyright Fee: GBP20.00$c0$e01-apr-2012$fGBP20.00$g0$hC$5Uk
=ACF  \\$aPrevious Copyright Fee: GBP20.00$c0$e01-jan-2012$fGBP20.00$g0$hC$5Uk
=ACF  \\$aPrevious Copyright Fee: GBP20.00$c0$e01-oct-2011$fGBP20.00$g0$hC$5Uk
=ACF  \\$aPrevious Copyright Fee: GBP20.00$c0$e01-jul-2011$fGBP20.00$g0$hC$5Uk
=ACF  \\$aPrevious Copyright Fee: GBP20.00$c0$e01-apr-2011$fGBP20.00$g0$hC$5Uk
=ACF  \\$aPrevious Copyright Fee: GBP20.00$c0$e01-jan-2011$fGBP20.00$g0$hC$5Uk
=ACF  \\$aPrevious Copyright Fee: GBP18.40$c0$e01-oct-2010$fGBP18.40$g0$hC$5Uk
=ACF  \\$aPrevious Copyright Fee: GBP18.40$c0$e01-jul-2010$fGBP18.40$g0$hC$5Uk
=ACF  \\$aPrevious Copyright Fee: GBP18.40$c0$e01-apr-2010$fGBP18.40$g0$hC$5Uk
=ACF  \\$aPrevious Copyright Fee: GBP18.40$c0$e01-Jan-2010$fGBP18.40$g0$hC$5Uk
=ACF  \\$aPrevious Copyright Fee: GBP18.40$c0$e01-oct-2009$fGBP18.40$g0$hC$5Uk
=ACF  \\$aPrevious Copyright Fee: GBP18.40$c0$e01-jul-2009$fGBP18.40$g0$hC$5Uk
=ACF  \\$aPrevious Copyright Fee: GBP18.40$c0$e01-apr-2009$fGBP18.40$g0$hC$5Uk
=ACF  \\$aPrevious Copyright Fee: GBP18.40$c0$e01-jan-2009$fGBP18.40$g0$hC$5Uk
=ACF  \\$aBritish Library not licensed to copy$c0$e01-oct-2008$hC$iCLA Excluded$5Uk
=ACF  \\$aPrevious Copyright Fee: GBP18.40$c0$e01-jul-2008$fGBP18.40$g0$hC$5Uk
=ACF  \\$aPrevious Copyright Fee: GBP18.40$c0$e01-apr-2008$fGBP18.40$g0$hC$5Uk
=ACF  \\$aPrevious Copyright Fee: GBP18.40$c0$e01-jan-2008$fGBP18.40$g0$hC$5Uk
=ACF  \\$aPrevious Copyright Fee: GBP18.40$c0$e01-oct-2007$fGBP18.40$g0$hC$5Uk
=ACF  \\$aPrevious Copyright Fee: GBP18.40$c0$e01-jul-2007$fGBP18.40$g0$hC$5Uk
=ACF  \\$aPrevious Copyright Fee: GBP5.00$c0$e01-apr-2007$fGBP5.00$g0$hC$5Uk
=ACF  \\$aPrevious Copyright Fee: GBP5.00$c0$e01-jan-2007$fGBP5.00$g0$hC$5Uk
=ACF  \\$aPrevious Copyright Fee: GBP5.00$c0$e01-oct-2006$fGBP5.00$g0$hC$5Uk
=ACF  \\$aPrevious Copyright Fee: GBP5.00$c0$e01-jul-2006$fGBP5.00$g0$hC$5Uk
=ACF  \\$aPrevious Copyright Fee: GBP5.00$c0$e01-apr-2006$fGBP5.00$g0$hC$5Uk
=ACF  \\$aPrevious Copyright Fee: GBP5.00$c0$e01-jan-2006$fGBP5.00$g0$hC$5Uk
=ACF  \\$aPrevious Copyright Fee: GBP5.00$c0$e01-oct-2005$fGBP5.00$g0$hC$5Uk
=ACF  \\$aPrevious Copyright Fee: GBP5.00$c0$e01-jul-2005$fGBP5.00$g0$hC$5Uk
=ACF  \\$aPrevious Copyright Fee: GBP5.00$c0$e01-apr-2005$fGBP5.00$g0$hC$5Uk
=ACF  \\$aPrevious Copyright Fee: GBP5.00$c0$e01-jan-2005$fGBP5.00$g0$hC$5Uk
=ACF  \\$aPrevious Copyright Fee: GBP5.00$c0$e01-oct-2004$fGBP5.00$g0$hC$5Uk
=ACF  \\$aPrevious copyright fee: GBP5.00$c0$e01-jan-2003$fGBP5.00$g0$hC$5Uk
=ACF  \\$aCurrent copyright fee: GBP28.35$c0$e21-aug-2000$fGBP28.35$g0$hC$5Uk
=ACF  \\$aCurrent copyright fee: GBP30.00$c6\2$e01-jan-2000$fGBP30.00$g0$hP$5Uk
=ACF  \\$aPrevious Copyright Fee: GBP20.00$c0$e01-oct-2012$fGBP20.00$g0$hC$5Uk
=ACF  \\$aPrevious Copyright Fee: GBP20.00$c0$e01-jul-2012$fGBP20.00$g0$hC$5Uk
=CAT  \\$aCONV$b00$c20040425$lBLL90$h0658
=CAT  \\$aIPL-CLA$c20110930$lBLL01$h1516
=CAT  \\$aBATCH-CLA$b00$c20111130$lBLL01$h1206
=CAT  \\$aIPL-CLA$c20111230$lBLL01$h1746
=CAT  \\$aBATCH-CLA$b00$c20120229$lBLL01$h1625
=CAT  \\$aIPL-CLA$c20120330$lBLL01$h1402
=CAT  \\$aBATCH-CLA$b00$c20120531$lBLL01$h1707
=CAT  \\$aBATCH-UPD$b00$c20120614$lBLL01$h2115
=CAT  \\$aIPL-CLA$c20120629$lBLL01$h0959
=CAT  \\$aBATCH-CLA$b00$c20120831$lBLL01$h1537
=CAT  \\$aIPL-CLA$c20120930$lBLL01$h2019
=CAT  \\$aBATCH-CLA$b00$c20121104$lBLL01$h1016
=CAT  \\$a5552$b40$c20121205$lBLL01$h1212
=CAT  \\$aWR12_168$c20121206$lBLL01$h1835
=CAT  \\$aWR13.005$c20130322$lBLL01$h1926
=CAT  \\$aCDS15-UPD$b40$c20140630$lBLL01$h1052
=CAT  \\$a8483$b40$c20141031$lBLL01$h1546
=CAT  \\$a8483$b40$c20141031$lBLL01$h1547
=CAT  \\$aBLDSS-3PM$b00$c20141121$lBLL01$h1820
=CAT  \\$a11313$b40$c20141217$lBLL01$h1415
=CAT  \\$a10806$b40$c20150212$lBLL01$h1114
=CAT  \\$aBATCH-UPD$b40$c20170306$lBLL01$h2044
=CAT  \\$a5552$b40$c20180601$lBLL01$h1223
=CAT  \\$aIPL-CLA$c20180630$lBLL01$h1909
=CAT  \\$aW2012-0338$b00$c20201209$lBLL01$h2036
=CAT  \\$aW2012-0338$c20210128$lBLL01$h1607
=CFI  0\$aCurrent Copyright Fee: GBP60.00$c77\0$e01-jul-2018$fGBP60.00$g0$hP$5Uk
=CFI  2\$aPrevious copyright fee: GBP38.00$c77\0$e05-dec-2012$fGBP38.00$g0$hP$5Uk
=FFP  \\$aY$bBLDSS-3PM
=FIN  \\$aY
=FMT  \\$a  SE
=LAS  \\$aW2012-0338$b00$c20210128$lBLL01$h1607
=LEO  \\$aMP10.0000024656
=LEO  \\$aMP1.0002360411
=LEO  \\$aMP25.0000020827
=LEO  \\$aMP22.0000001896
=LKR  \\$aPAR$b012099931$lBLL01$nUspekhi khimii.$mRussian chemical reviews (Prin$r765
=SRC  \\$aSRI01$bbibmp25.200404.2.aa
=SRC  \\$aDSS01$bbibmp10.200404.2.aa
=SRC  \\$aBLS01$bbibmp1.200404.2.ac
=SRC  \\$aISN01$bbibmp22.200404.2.aa
=TCO  \\$aCLA$bCLA$c008
=TOC  \\$aETOC
=UNO  \\$aY

