=LDR  04535cas a2201021 a 4500
=001  009186914
=003  Uk
=005  20221231190618.0
=007  ta
=008  930719d19662015ie\ar\\\\r\\\\0\\\a0eng\\
=019  c\$a2014142
=019  0\$as527236004
=019  x\$a0874580153
=019  s\$aoasp00626
=022  \\$a0073-9596
=040  \\$aUk$beng$cUk$dUk
=082  04$a062.915025$221
=084  \\$aAA 654(IRL)$2blsrissc
=222  \0$aAdministration yearbook and diary
=245  00$aAdministration yearbook and diary.
=246  3\$aAdministration yearbook & diary
=260  \\$aDublin :$bInstitute of Public Administration,$c1966-[2014]
=300  \\$a49 v. :$bill., ports. ;$c26 cm.
=310  \\$aAnnual
=336  \\$atext$2rdacontent
=337  \\$aunmediated$2rdamedia
=338  \\$avolume$2rdacarrier
=362  1\$aBegan with 1967 issue; ceased with 49th edition (2015).
=500  \\$aLatest issue consulted: 39th ed. (2005).
=540  \\$aCurrent Copyright Fee: GBP25.00$c0$5Uk
=595  \\$aSEE ALSO SERIAL RECORDS SHIRL.
=650  \0$aAssociations, institutions, etc.$zIreland$vDirectories.
=710  2\$aInstitute of Public Administration (Ireland)
=780  05$tIreland, a directory$x0790-1070
=785  00$tIreland, a directory (2016)$x2009-8707
=852  41$aBritish Library$bHMNTS$jP.701/109$31966-ed. 49 (2015)
=852  41$aBritish Library$bDSC$j0696.300000$3Ed. 38 (2004)-ed. 43 (2009)
=945  \\$aAdministration yearbook and diary
=959  \\$fHeld but not currently received
=985  \\$aOriginally there were two separate publications running concurrently: 'Ireland a directory' (ISSN 0790-1070) containing directory information; 'Administration yearbook & diary' (ISSN 0073-9596) containing the same directory information but bound with a blank diary for sale in Ireland. - Note in preface. Ireland, a directory was discontinued in 2003.
=ACF  \\$aPrevious copyright fee: GBP5.00$c0$e01-jul-2002$fGBP5.00$g0$hC$5Uk
=ACF  \\$aCurrent copyright fee: GBP4.40$c0$e01-jul-1998$fGBP4.40$g0$hA$5Uk
=ACF  \\$aCurrent copyright fee: GBP4.20$c0$e01-apr-1997$fGBP4.20$g0$hA$5Uk
=ACF  \\$aPrevious copyright fee: GBP10.50$c0$e01-jan-2011$fGBP10.50$g0$hA$5Uk
=ACF  \\$aPrevious copyright fee: GBP12.00$c0$e01-jan-2012$fGBP12.00$g0$hA$5Uk
=ACF  \\$aPrevious Copyright Fee: GBP12.30$c0$e01-jan-2014$fGBP12.30$g0$hA$5Uk
=ACF  \\$aPrevious Copyright Fee: GBP15.00$c0$e01-jan-2017$fGBP15.00$g0$hA$5Uk
=ACF  \\$aPrevious Copyright Fee: GBP17.50$c0$e01-jan-2018$fGBP17.50$g0$hA$5Uk
=ACF  \\$aPrevious Copyright Fee: GBP20.00$c0$e01-jan-2020$fGBP20.00$g0$hA$5Uk
=CAT  \\$aCONV$b00$c20040425$lBLL90$h0658
=CAT  \\$a11306$b40$c20080122$lBLL01$h1651
=CAT  \\$aCDS08-UPD$b40$c20090903$lBLL01$h1746
=CAT  \\$aBATCH-UPD$b40$c20101201$lBLL01$h1221
=CAT  \\$aBATCH-UPD$b40$c20101220$lBLL01$h1248
=CAT  \\$aIPL-CLA$c20101231$lBLL01$h1247
=CAT  \\$a8874$b40$c20110428$lBLL01$h1333
=CAT  \\$aWR11_203$c20111204$lBLL01$h1328
=CAT  \\$aIPL-CLA$c20111230$lBLL01$h1748
=CAT  \\$aBATCH-CLA$b00$c20121104$lBLL01$h1015
=CAT  \\$aWR13.005$c20130322$lBLL01$h1930
=CAT  \\$aBATCH-CLA$c20131217$lBLL01$h1749
=CAT  \\$aIPL-CLA$c20131231$lBLL01$h1953
=CAT  \\$a8323$b40$c20160308$lBLL01$h0836
=CAT  \\$aBATCH-CLA$b00$c20161222$lBLL01$h1714
=CAT  \\$aIPL-CLA$c20161230$lBLL01$h1852
=CAT  \\$a10932$b40$c20170919$lBLL01$h1606
=CAT  \\$aBATCH-CLA$b00$c20171222$lBLL01$h2013
=CAT  \\$aIPL-CLA$c20171231$lBLL01$h1427
=CAT  \\$aBATCH-CLA$b00$c20191219$lBLL01$h1639
=CAT  \\$aIPL-CLA$c20191231$lBLL01$h1750
=CAT  \\$aR2001-1524$c20200127$lBLL01$h1933
=CAT  \\$aBATCH-CLA$b00$c20201204$lBLL01$h1435
=CAT  \\$aIPL-CLA$c20201231$lBLL01$h1951
=CAT  \\$aBATCH-CLA$b00$c20221221$lBLL01$h1741
=CAT  \\$aIPL-CLA$c20221231$lBLL01$h1906
=CFI  0\$aCurrent Copyright Fee: GBP25.00$c0$e01-jan-2023$fGBP25.00$g0$hA$5Uk
=CFI  2\$aPrevious Copyright Fee: GBP22.50$c0$e01-jan-2021$fGBP22.50$g0$hA$5Uk
=FIN  \\$aY
=FMT  \\$a  SE
=LAS  \\$aIPL-CLA$b00$c20221231$lBLL01$h1906
=LEO  \\$aMP10.0000032704
=LEO  \\$aMP1.0001041399
=LEO  \\$aMP25.0000218469
=LKR  \\$aPAR$b009863188$lBLL01$r78005$mAdministration yearbook and diary$nIreland, a directory
=SRC  \\$aSRI01$bbibmp25.200404.2.aa
=SRC  \\$aBLS01$bbibmp1.200404.2.ab
=SRC  \\$aDSS01$bbibmp10.200404.2.aa
=TCO  \\$aIRL$bICLA$c008

