=LDR  03970cas a22009497a 4500
=001  009188020
=003  Uk
=005  20221231143609.0
=007  ta
=008  040409d19562006ja\br\p\\\\\\\0\\\d0jpn\\
=019  c\$a2014491
=022  0\$a0001-8724
=040  \\$aUk$beng$cUk
=041  0\$achi$beng
=222  \0$aShinkei Kenkyu No Shimpo
=245  00$aShinkei kenkyu no shinpo =$bAdvances in neurological sciences.
=246  31$aAdvances in neurological sciences
=260  \\$aTokyo :$bIgaku Shoin,$c[1956]-2006.
=300  \\$av.
=310  \\$aBi-monthly
=336  \\$atext$2rdacontent
=337  \\$aunmediated$2rdamedia
=338  \\$avolume$2rdacarrier
=362  0\$a- Vol. 50, no. 6 (Dec. 2006)  = -issue 271.
=362  1\$aBegan in 1956.
=500  \\$aDescription based on: Surrogate of: Vol. 29, no. 1 (1985)  = issue 140.
=540  \\$aCurrent Copyright Fee: GBP25.00$c0$5Uk
=546  \\$aIn Japanese with summaries and additional contents page in English.
=580  \\$aMerged with: No to shinkei, to become: Shinkei kenkyu no shinpo.
=595  \\$aFormerly 7303.750000 See also Card Index.
=650  \0$aNeurology$vPeriodicals.
=785  17$tNo to shinkei$x0006-8969
=785  17$tShinkei kenkyu no shinpo (2007)$x1881-6096
=852  41$aBritish Library$bDSC$j0709.480000$3Volume 8, Number 3 (1964)-Volume 50, Number 4, Issue 269(2006)
=945  \\$aAdvances in neurological sciences
=959  \\$fHeld but not currently received
=985  \\$aISSN record has Shimpo in key title instead of shinpo
=A02  \\$a2014491
=ACF  \\$aPrevious copyright fee: GBP5.00$c0$e01-jul-2002$fGBP5.00$g0$hC$5Uk
=ACF  \\$aCurrent copyright fee: GBP2.50$c0$e01-jul-1998$fGBP2.50$g0$hC$5Uk
=ACF  \\$aCurrent copyright fee: GBP2.30$c0$e01-jul-1997$fGBP2.30$g0$hC$5Uk
=ACF  \\$aPrevious copyright fee: GBP10.50$c0$e01-jan-2011$fGBP10.50$g0$hA$5Uk
=ACF  \\$aPrevious copyright fee: GBP12.00$c0$e01-jan-2012$fGBP12.00$g0$hA$5Uk
=ACF  \\$aPrevious Copyright Fee: GBP12.30$c0$e01-jan-2014$fGBP12.30$g0$hA$5Uk
=ACF  \\$aPrevious Copyright Fee: GBP15.00$c0$e01-jan-2017$fGBP15.00$g0$hA$5Uk
=ACF  \\$aPrevious Copyright Fee: GBP17.50$c0$e01-jan-2018$fGBP17.50$g0$hA$5Uk
=ACF  \\$aPrevious Copyright Fee: GBP20.00$c0$e01-jan-2020$fGBP20.00$g0$hA$5Uk
=CAT  \\$aCONV$b00$c20040425$lBLL90$h0658
=CAT  \\$a8124$b40$c20080117$lBLL01$h0856
=CAT  \\$a10969$b40$c20080411$lBLL01$h1310
=CAT  \\$aBATCH$b00$c20091209$lBLL01$h0404
=CAT  \\$aBATCH$b00$c20091214$lBLL01$h0344
=CAT  \\$aBATCH$b00$c20091216$lBLL01$h0120
=CAT  \\$aBATCH-UPD$b00$c20101201$lBLL01$h1221
=CAT  \\$aIPL-CLA$c20101231$lBLL01$h1247
=CAT  \\$aWR11_203$c20111204$lBLL01$h1328
=CAT  \\$aIPL-CLA$c20111230$lBLL01$h1749
=CAT  \\$aBATCH-UPD$b00$c20120614$lBLL01$h2116
=CAT  \\$aBATCH-CLA$b00$c20121104$lBLL01$h1014
=CAT  \\$aWR13.005$c20130322$lBLL01$h1930
=CAT  \\$aBATCH-CLA$c20131217$lBLL01$h1750
=CAT  \\$aIPL-CLA$c20131231$lBLL01$h1953
=CAT  \\$aBATCH-CLA$b00$c20161222$lBLL01$h1714
=CAT  \\$aIPL-CLA$c20161230$lBLL01$h1852
=CAT  \\$aBATCH-CLA$b00$c20171222$lBLL01$h2013
=CAT  \\$aIPL-CLA$c20171231$lBLL01$h1427
=CAT  \\$aBATCH-CLA$b00$c20191219$lBLL01$h1639
=CAT  \\$aIPL-CLA$c20191231$lBLL01$h1750
=CAT  \\$aR2001-1524$c20200127$lBLL01$h1933
=CAT  \\$aBATCH-CLA$b00$c20201204$lBLL01$h1435
=CAT  \\$aIPL-CLA$c20201231$lBLL01$h1521
=CAT  \\$aBATCH-CLA$b00$c20221221$lBLL01$h1741
=CAT  \\$aIPL-CLA$c20221231$lBLL01$h1436
=CFI  0\$aCurrent Copyright Fee: GBP25.00$c0$e01-jan-2023$fGBP25.00$g0$hA$5Uk
=CFI  2\$aPrevious Copyright Fee: GBP22.50$c0$e01-jan-2021$fGBP22.50$g0$hA$5Uk
=FIN  \\$aY
=FMT  \\$a  SE
=LAS  \\$aIPL-CLA$b00$c20221231$lBLL01$h1436
=LEO  \\$aMP10.0000034260
=SRC  \\$aDSS01$bbibmp10.200404.2.aa
=TCO  \\$aJPN$bJAACC$c008
=TOC  \\$aETOC

