=LDR  03022cas a2200769 a 4500
=001  009192052
=003  Uk
=005  20190709133140.0
=007  ta
=008  040409c19959999nr\ar\p\\\\\\\0\\\a0eng\\
=019  c\$a2550259
=022  \\$y1118-0579
=040  \\$aUk$beng$cUk$dUk
=042  \\$aukblsr
=082  00$a505$221
=245  00$aGlobal journal of pure and applied sciences.
=260  \\$aCalabar [Nigeria] :$bBachiudo Co.,$cc1995-
=300  \\$av. :$bill. ;$c21-29 cm.
=310  \\$aAnnual
=321  \\$aTwice a year (Jan. & June)
=336  \\$atext$2rdacontent
=337  \\$aunmediated$2rdamedia
=338  \\$avolume$2rdacarrier
=362  0\$aVol. 1, no. 1 & 2 (June 1995)-
=540  \\$aBritish Library not licensed to copy$c0$5Uk
=580  \\$aParent journal to a series of journals focused on specific fields of research, each entitled Global journal of ..., e.g. Global journal of mathematical sciences, Global journal of humanities, etc.
=588  \\$aLatest issue consulted: volume 25 (2019).
=595  \\$aSEE ALSO CARD INDEX.
=650  \0$aScience$zNigeria$vPeriodicals.
=650  \0$aEngineering$zNigeria$vPeriodicals.
=650  \0$aEngineering$xResearch$zNigeria$vPeriodicals.
=852  41$aBritish Library$bDSC$j4195.447500$3Volume 3 (1997)-
=945  \\$aGLOBAL JOURNAL OF PURE AND APPLIED SCIENCES
=959  \\$fCurrently received
=985  \\$aISSN (Nigeria) on ISSN Portal is 'free'. {dollar}y used in 022 and key title not added.
=A02  \\$a2550259
=ACF  \\$aPrevious copyright fee: GBP5.00$c0$e01-jul-2002$fGBP5.00$g0$hC$5Uk
=ACF  \\$aCurrent copyright fee: GBP2.50$c0$e01-jul-1998$fGBP2.50$g0$hC$5Uk
=ACF  \\$aCurrent copyright fee: GBP2.30$c0$e14-aug-1997$fGBP2.30$g0$hC$5Uk
=CAT  \\$aCONV$b00$c20040425$lBLL90$h0703
=CAT  \\$aCONV$b00$c20040502$lBLL01$h1318
=CAT  \\$c20041009$lBLL01$h1917
=CAT  \\$a8323$b40$c20070806$lBLL01$h1004
=CAT  \\$a8323$b40$c20070806$lBLL01$h1018
=CAT  \\$aBATCH$b00$c20091209$lBLL01$h0405
=CAT  \\$aBATCH$b00$c20091214$lBLL01$h0346
=CAT  \\$aBATCH$b00$c20091216$lBLL01$h0121
=CAT  \\$aBATCH-UPD$b00$c20101201$lBLL01$h1221
=CAT  \\$aIPL-CLA$c20101231$lBLL01$h1249
=CAT  \\$a8456$b40$c20110105$lBLL01$h1554
=CAT  \\$aBATCH-UPD$b40$c20110907$lBLL01$h1803
=CAT  \\$aIPL-CLA$c20110908$lBLL01$h1718
=CAT  \\$aBATCH-UPD$b00$c20120614$lBLL01$h2116
=CAT  \\$aBATCH-CLA$b00$c20121104$lBLL01$h1013
=CAT  \\$aWR13.005$c20130322$lBLL01$h1933
=CAT  \\$a5410$b40$c20181204$lBLL01$h1608
=CAT  \\$a11205$b40$c20190709$lBLL01$h1229
=CAT  \\$a5410$b40$c20190709$lBLL01$h1331
=CFI  0\$aBritish Library not licensed to copy$c0$e07-sep-2011$hC$iTX$5Uk
=CFI  2\$aPrevious copyright fee: GBP10.50$c0$e01-jan-2011$fGBP10.50$g0$hA$5Uk
=FIN  \\$aY
=FMT  \\$a  SE
=LAS  \\$a5410$b40$c20190709$lBLL01$h1331
=LEO  \\$aMP10.0000249885
=SRC  \\$aDSS01$bbibmp10.200404.2.aa
=TCO  \\$aXXX$c008
=TOC  \\$aETOC

