=LDR  08131cas a2201525 i 4500
=001  009193397
=003  Uk
=005  20211231171320.0
=007  ta
=008  790112c19779999dcuar\\\\s\\\o0\\\a0eng\\
=015  \\$aGB7902449$2bnb
=019  1\$ab7902449
=019  c\$a2183544
=022  0\$a0250-7374
=040  \\$aUk$beng$cUk$dUk
=050  00$aHJ236
=082  04$a336.0021$223
=222  \0$aGovernment finance statistics yearbook$b(International Monetary Fund)
=245  00$aGovernment finance statistics yearbook /$c[prepared by the Government Finance Statistics Division, Bureau of Statistics, of the International Monetary Fund].
=260  \\$aWashington :$bInternational Monetary Fund ;$a[London] :$b[H.M.S.O.],$c[1977]-
=264  31$aWashington, D.C. :$bInternational Monetary Fund
=300  \\$c28 cm.
=310  \\$aAnnual
=336  \\$atext$2rdacontent
=337  \\$aunmediated$2rdamedia
=338  \\$avolume$2rdacarrier
=540  \\$aCurrent Copyright Fee: GBP7.30$c0$5Uk
=588  \\$aLatest issue consulted: 2014.
=595  \\$aSee also Serial Records BOD
=650  \0$aFinance, Public$vStatistics$vPeriodicals.
=653  \\$aInternational Monetary Fund$aMembers$aFinance$aStatistics
=690  7\$aManagement and Business Studies$2blcoll
=710  2\$aInternational Monetary Fund.$bGovernment Finance Statistics Division.
=852  41$aBritish Library$bDSC$j4204.103000$3Vol. 1 (1977)-v. 33 (2009)***UKRR Retained Title
=852  41$aBritish Library$bHMNTS$jUNQ.108/11$32014-2017***Subsequent volumes, when received, will be placed at this shelfmark
=945  \\$aGovernment finanance statistics yearbook
=957  \\$a780118c
=959  \\$fHeld but not currently received
=963  \\$a1977- *A=1$bY$cOP.210.13.012
=985  \\$aISSN Portal record shows this title as ceased in 2008 but print copies have been published in every subsequent year (Richard Brown, Cataloguing, 13/11/15).
=ACF  \\$aPrevious Copyright Fee: GBP6.45$c0$e01-apr-2012$fGBP6.45$g0$hC$5Uk
=ACF  \\$aPrevious Copyright Fee: GBP6.00$c0$e01-jan-2012$fGBP6.00$g0$hC$5Uk
=ACF  \\$aPrevious Copyright Fee: GBP6.00$c0$e01-oct-2011$fGBP6.00$g0$hC$5Uk
=ACF  \\$aPrevious Copyright Fee: GBP6.00$c0$e01-jul-2011$fGBP6.00$g0$hC$5Uk
=ACF  \\$aPrevious Copyright Fee: GBP6.00$c0$e01-apr-2011$fGBP6.00$g0$hC$5Uk
=ACF  \\$aPrevious Copyright Fee: GBP6.00$c0$e01-jan-2011$fGBP6.00$g0$hC$5Uk
=ACF  \\$aPrevious Copyright Fee: GBP6.00$c0$e01-oct-2010$fGBP6.00$g0$hC$5Uk
=ACF  \\$aPrevious Copyright Fee: GBP6.00$c0$e01-jul-2010$fGBP6.00$g0$hC$5Uk
=ACF  \\$aPrevious Copyright Fee: GBP6.00$c0$e01-apr-2010$fGBP6.00$g0$hC$5Uk
=ACF  \\$aBritish Library not licensed to copy$c0$e01-Jan-2010$hC$iCLA Excluded$5Uk
=ACF  \\$aPrevious Copyright Fee: GBP6.00$c0$e01-oct-2009$fGBP6.00$g0$hC$5Uk
=ACF  \\$aPrevious Copyright Fee: GBP7.14$c0$e01-jul-2009$fGBP7.14$g0$hC$5Uk
=ACF  \\$aPrevious Copyright Fee: GBP7.14$c0$e01-apr-2009$fGBP7.14$g0$hC$5Uk
=ACF  \\$aPrevious Copyright Fee: GBP6.25$c0$e01-jan-2009$fGBP6.25$g0$hC$5Uk
=ACF  \\$aPrevious Copyright Fee: GBP5.00$c0$e01-oct-2008$fGBP5.00$g0$hC$5Uk
=ACF  \\$aPrevious Copyright Fee: GBP5.00$c0$e01-jul-2008$fGBP5.00$g0$hC$5Uk
=ACF  \\$aPrevious Copyright Fee: GBP5.00$c0$e01-apr-2008$fGBP5.00$g0$hC$5Uk
=ACF  \\$aPrevious Copyright Fee: GBP5.00$c0$e01-jan-2008$fGBP5.00$g0$hC$5Uk
=ACF  \\$aPrevious Copyright Fee: GBP5.00$c0$e01-oct-2007$fGBP5.00$g0$hC$5Uk
=ACF  \\$aPrevious Copyright Fee: GBP5.00$c0$e01-jul-2007$fGBP5.00$g0$hC$5Uk
=ACF  \\$aPrevious Copyright Fee: GBP5.13$c0$e01-apr-2007$fGBP5.13$g0$hC$5Uk
=ACF  \\$aPrevious Copyright Fee: GBP5.41$c0$e01-jan-2007$fGBP5.41$g0$hC$5Uk
=ACF  \\$aPrevious Copyright Fee: GBP5.41$c0$e01-oct-2006$fGBP5.41$g0$hC$5Uk
=ACF  \\$aPrevious Copyright Fee: GBP5.71$c0$e01-jul-2006$fGBP5.71$g0$hC$5Uk
=ACF  \\$aPrevious Copyright Fee: GBP5.71$c0$e01-apr-2006$fGBP5.71$g0$hC$5Uk
=ACF  \\$aPrevious Copyright Fee: GBP5.56$c0$e01-jan-2006$fGBP5.56$g0$hC$5Uk
=ACF  \\$aPrevious Copyright Fee: GBP5.41$c0$e01-oct-2005$fGBP5.41$g0$hC$5Uk
=ACF  \\$aPrevious Copyright Fee: GBP5.41$c0$e01-jul-2005$fGBP5.41$g0$hC$5Uk
=ACF  \\$aPrevious Copyright Fee: GBP5.41$c0$e01-apr-2005$fGBP5.41$g0$hC$5Uk
=ACF  \\$aPrevious Copyright Fee: GBP5.56$c0$e01-jan-2005$fGBP5.56$g0$hC$5Uk
=ACF  \\$aPrevious Copyright Fee: GBP5.41$c0$e01-oct-2004$fGBP5.41$g0$hC$5Uk
=ACF  \\$aPrevious copyright fee: GBP5.00$c0$e01-jul-2002$fGBP5.00$g0$hA$5Uk
=ACF  \\$aCurrent copyright fee: GBP2.50$c0$e01-jul-1998$fGBP2.50$g0$hC$5Uk
=ACF  \\$aCurrent copyright fee: GBP2.30$c0$e01-apr-1997$fGBP2.30$g0$hC$5Uk
=ACF  \\$aPrevious Copyright Fee: GBP6.06$c0$e01-jul-2012$fGBP6.06$g0$hC$5Uk
=ACF  \\$aPrevious Copyright Fee: GBP6.45$c0$e01-oct-2012$fGBP6.45$g0$hC$5Uk
=ACF  \\$aPrevious Copyright Fee: GBP6.25$c0$e01-jan-2013$fGBP6.25$g0$hC$5Uk
=ACF  \\$aPrevious Copyright Fee: GBP6.45$c0$e01-jul-2013$fGBP6.45$g0$hC$5Uk
=ACF  \\$aPrevious Copyright Fee: GBP6.00$c0$e01-oct-2013$fGBP6.00$g0$hC$5Uk
=ACF  \\$aPrevious Copyright Fee: GBP6.25$c0$e01-jan-2014$fGBP6.25$g0$hC$5Uk
=ACF  \\$aPrevious Copyright Fee: GBP6.06$c0$e01-jul-2014$fGBP6.06$g0$hC$5Uk
=ACF  \\$aPrevious Copyright Fee: GBP6.67$c0$e01-apr-2015$fGBP6.67$g0$hC$5Uk
=ACF  \\$aPrevious Copyright Fee: GBP6.45$c0$e01-oct-2015$fGBP6.45$g0$hC$5Uk
=ACF  \\$aPrevious Copyright Fee: GBP6.90$c0$e01-apr-2016$fGBP6.90$g0$hC$5Uk
=ACF  \\$aPrevious Copyright Fee: GBP7.41$c0$e01-oct-2016$fGBP7.41$g0$hC$5Uk
=ACF  \\$aPrevious Copyright Fee: GBP8.00$c0$e01-apr-2017$fGBP8.00$g0$hC$5Uk
=ACF  \\$aPrevious Copyright Fee: GBP7.60$c0$e01-oct-2017$fGBP7.60$g0$hC$5Uk
=ACF  \\$aPrevious Copyright Fee: GBP7.69$c0$e01-jan-2018$fGBP7.69$g0$hC$5Uk
=ACF  \\$aPrevious Copyright Fee: GBP7.14$c0$e01-apr-2018$fGBP7.14$g0$hC$5Uk
=ACF  \\$aPrevious Copyright Fee: GBP7.69$c0$e01-oct-2018$fGBP7.69$g0$hC$5Uk
=ACF  \\$aPrevious Copyright Fee: GBP8.00$c0$e01-oct-2019$fGBP8.00$g0$hC$5Uk
=ACF  \\$aPrevious Copyright Fee: GBP7.69$c0$e01-apr-2020$fGBP7.69$g0$hC$5Uk
=ACF  \\$aPrevious Copyright Fee: GBP8.00$c0$e01-jul-2020$fGBP8.00$g0$hC$5Uk
=ACF  \\$aPrevious Copyright Fee: GBP7.22$c0$e01-jul-2021$fGBP7.22$g0$hC$5Uk
=CAT  \\$aCONV$b00$c20040425$lBLL90$h0703
=CAT  \\$aIPL-CLA$c20160331$lBLL01$h1705
=CAT  \\$aBATCH-CLA$b00$c20160831$lBLL01$h1649
=CAT  \\$aIPL-CLA$c20160930$lBLL01$h1547
=CAT  \\$aBATCH-CLA$b00$c20170228$lBLL01$h1631
=CAT  \\$aIPL-CLA$c20170331$lBLL01$h1831
=CAT  \\$aBATCH-CLA$b00$c20170831$lBLL01$h1628
=CAT  \\$aIPL-CLA$c20170929$lBLL01$h1713
=CAT  \\$aBATCH-CLA$b00$c20171130$lBLL01$h1651
=CAT  \\$aIPL-CLA$c20171231$lBLL01$h1428
=CAT  \\$aBATCH-CLA$b00$c20180228$lBLL01$h1642
=CAT  \\$aIPL-CLA$c20180331$lBLL01$h1602
=CAT  \\$aBATCH-CLA$b00$c20180831$lBLL01$h1628
=CAT  \\$aIPL-CLA$c20180930$lBLL01$h1453
=CAT  \\$aBATCH-CLA$b00$c20190909$lBLL01$h1714
=CAT  \\$aIPL-CLA$c20190930$lBLL01$h1629
=CAT  \\$aBATCH-CLA$b00$c20200228$lBLL01$h1636
=CAT  \\$aIPL-CLA$c20200331$lBLL01$h1605
=CAT  \\$aBATCH-CLA$b00$c20200529$lBLL01$h1533
=CAT  \\$aIPL-CLA$c20200701$lBLL01$h0047
=CAT  \\$aBATCH-CLA$b00$c20210528$lBLL01$h1524
=CAT  \\$aIPL-CLA$c20210704$lBLL01$h1113
=CAT  \\$aBATCH-CLA$b00$c20210917$lBLL01$h1601
=CAT  \\$aIPL-CLA$c20210930$lBLL01$h1646
=CAT  \\$aBATCH-CLA$b00$c20211203$lBLL01$h0812
=CAT  \\$aIPL-CLA$c20211231$lBLL01$h1713
=CFI  0\$aCurrent Copyright Fee: GBP7.30$c0$e01-jan-2022$fGBP7.30$g0$hC$5Uk
=CFI  2\$aPrevious Copyright Fee: GBP7.10$c0$e01-oct-2021$fGBP7.10$g0$hC$5Uk
=FIN  \\$aY
=FMT  \\$a  SE
=LAS  \\$aIPL-CLA$b00$c20211231$lBLL01$h1713
=LEO  \\$aMP10.0000251696
=LEO  \\$aMP13.0000250074
=SRC  \\$aHSS01$bbibmp13.200404.2.aa
=SRC  \\$aDSS01$bbibmp10.200404.2.aa
=TCO  \\$aTRS$bCCC$c008

