=LDR  04823cas a2201141 i 4500
=001  009193539
=003  Uk
=005  20221231190727.0
=008  001114c20009999oncfr\p\\r\\\\0\\\a0eng\d
=010  \\$a  2013207515
=016  \\$a009193539
=019  c\$a3005428
=022  \\$y1493-3918$l1493-3918
=035  \\$a(OCoLC)45348138
=040  \\$aFEM$beng$cFEM$dOCL$dLVB$dOCLCQ$dW2U$dUKMGB$dOCLCF$dDLC$dYDXCP$dOCLCQ$dOCLCO$dOCL$dUk$erda
=041  0\$aeng$afre
=042  \\$aukblsr
=043  \\$an-cn---
=050  00$aJL71$b.G675
=082  04$a351.71025$223
=245  00$aGovernments Canada.
=246  31$aGouvernements du Canada,$f<2015>-
=264  \1$32000-2003$aToronto, Ontario :$bMicromedia,$c2000-
=264  31$3<Summer/Fall edition->$aToronto, ON :$bGrey House Publishing
=300  \\$billustrations (black and white) ;$c28 cm
=310  \\$aTwo issues yearly
=336  \\$atext$btxt$2rdacontent
=337  \\$aunmediated$bn$2rdamedia
=338  \\$avolume$bnc$2rdacarrier
=362  1\$aBegan with Spring/Summer 2000.
=515  \\$aPublication suspended: 2004-2010.
=540  \\$aCurrent Copyright Fee: GBP25.00$c0$5Uk
=546  \\$aText in English and French.
=588  \\$aDescription based on: Spring/summer 2000; title from title page.
=588  \\$aLatest issue consulted: Summer/fall 2015 edition.
=650  \0$aGovernment executives$zCanada$vDirectories.
=650  \0$aAdministrative agencies$zCanada$vDirectories.
=650  \0$aExecutive departments$zCanada$vDirectories.
=650  \6$aHauts fonctionnaires$zCanada$xProvinces$vRépertoires.
=650  \6$aMinistères$zCanada$xProvinces$vRépertoires.
=650  \7$aAdministrative agencies.$2fast$0(OCoLC)fst00796723
=650  \7$aExecutive departments.$2fast$0(OCoLC)fst00917803
=650  \7$aGovernment executives.$2fast$0(OCoLC)fst00945319
=650  \7$aPolitics and government.$2fast$0(OCoLC)fst01919741
=651  \0$aCanada$xPolitics and government$vDirectories.
=651  \6$aCanada$xProvinces$xAdministration$vRépertoires.
=651  \6$aCanada$xAdministration$vRépertoires.
=651  \7$aCanada.$2fast$0(OCoLC)fst01204310
=655  \7$aDirectories.$2fast$0(OCoLC)fst01423796
=690  7\$aManagement and Business Studies$2blcoll
=852  41$aBritish Library$bDSC$j4206.095300$3SPRING/SUMMER 2000 *A=1
=852  41$aBritish Library$bHMNTS$jOPF.9.x.562$3Summer/Fall (2015),Winter(2017), Ed. 11 (2018)-
=945  \\$aGOVERNMENTS CANADA.
=959  \\$fHeld but not currently received
=985  \\$aISSN dead on Portal
=A02  \\$a3005428
=ACF  \\$aPrevious copyright fee: GBP5.00$c0$e15-aug-2002$fGBP5.00$g0$hC$5Uk
=ACF  \\$aPrevious copyright fee: GBP10.50$c0$e01-jan-2011$fGBP10.50$g0$hA$5Uk
=ACF  \\$aPrevious copyright fee: GBP12.00$c0$e01-jan-2012$fGBP12.00$g0$hA$5Uk
=ACF  \\$aPrevious Copyright Fee: GBP12.30$c0$e01-jan-2014$fGBP12.30$g0$hA$5Uk
=ACF  \\$aPrevious Copyright Fee: GBP15.00$c0$e01-jan-2017$fGBP15.00$g0$hA$5Uk
=ACF  \\$aPrevious Copyright Fee: GBP17.50$c0$e01-jan-2018$fGBP17.50$g0$hA$5Uk
=ACF  \\$aPrevious Copyright Fee: GBP20.00$c0$e01-jan-2020$fGBP20.00$g0$hA$5Uk
=CAT  \\$aCONV$b00$c20040425$lBLL90$h0703
=CAT  \\$aBATCH$b00$c20091209$lBLL01$h0406
=CAT  \\$aBATCH$b00$c20091214$lBLL01$h0346
=CAT  \\$aBATCH-UPD$b00$c20101201$lBLL01$h1221
=CAT  \\$aIPL-CLA$c20101231$lBLL01$h1250
=CAT  \\$aWR11_203$c20111204$lBLL01$h1330
=CAT  \\$aIPL-CLA$c20111230$lBLL01$h1750
=CAT  \\$aBATCH-CLA$b00$c20121104$lBLL01$h1013
=CAT  \\$aWR13.005$c20130322$lBLL01$h1933
=CAT  \\$aBATCH-CLA$c20131217$lBLL01$h1752
=CAT  \\$aIPL-CLA$c20131231$lBLL01$h1956
=CAT  \\$a8124$b40$c20161013$lBLL01$h1422
=CAT  \\$a8124$b40$c20161013$lBLL01$h1439
=CAT  \\$aBATCH-016$c20161019$lBLL01$h2152
=CAT  \\$aBATCH-MBS$c20161021$lBLL01$h2111
=CAT  \\$aBATCH-CLA$b00$c20161222$lBLL01$h1715
=CAT  \\$aIPL-CLA$c20161230$lBLL01$h1854
=CAT  \\$aBATCH-CLA$b00$c20171222$lBLL01$h2013
=CAT  \\$aIPL-CLA$c20171231$lBLL01$h1428
=CAT  \\$aBATCH-CLA$b00$c20191219$lBLL01$h1639
=CAT  \\$aIPL-CLA$c20191231$lBLL01$h1751
=CAT  \\$aR2001-1524$c20200127$lBLL01$h1933
=CAT  \\$aBATCH-CLA$b00$c20201204$lBLL01$h1436
=CAT  \\$aIPL-CLA$c20201231$lBLL01$h1952
=CAT  \\$aBATCH-CLA$b00$c20221221$lBLL01$h1741
=CAT  \\$aIPL-CLA$c20221231$lBLL01$h1907
=CFI  0\$aCurrent Copyright Fee: GBP25.00$c0$e01-jan-2023$fGBP25.00$g0$hA$5Uk
=CFI  2\$aPrevious Copyright Fee: GBP22.50$c0$e01-jan-2021$fGBP22.50$g0$hA$5Uk
=FIN  \\$aY
=FMT  \\$a  SE
=LAS  \\$aIPL-CLA$b00$c20221231$lBLL01$h1907
=LEO  \\$aMP10.0000251880
=SID  \\$aZ39$bOCLC
=SRC  \\$aDSS01$bbibmp10.200404.2.aa
=TCO  \\$aCAN$bAccess$c008

