=LDR  04054cas a2200973 a 4500
=001  009198108
=003  Uk
=005  20211231153712.0
=007  ta
=008  040409d19842012enk\x\m\\\\\\\0\\\a0eng\\
=019  c\$a2255691
=022  0\$a0950-1401
=040  \\$aUk$cUk$dUk
=082  0\$a622.1592$222$qUK-WkNB
=210  0\$aHandb. geophys. explor., 1 Seism. explor.
=222  \0$aHandbook of geophysical exploration. Section 1, Seismic exploration
=245  00$aHandbook of geophysical exploration.$nSection 1,$pSeismic exploration.
=260  \\$aOxford ;$aNew York :$bPergamon
=264  31$a[Amsterdam :$bElsevier]
=300  \\$av. ;$c25 cm.
=310  \\$aIrregular
=336  \\$atext$2rdacontent
=337  \\$aunmediated$2rdamedia
=338  \\$avolume$2rdacarrier
=362  0\$aVol. 1 (1984)-
=540  \\$aCurrent copyright fee: GBP34.30$c5\1$5Uk
=595  \\$aSEE ALSO CARD INDEX.
=650  \0$aSeismic prospecting.
=776  08$iAlso issued online as:$tHandbook of geographical exploration. Seismic exploration$x2452-154X
=852  41$aBritish Library$bDSC$j4250.475000$3Vol. 2 (1984)-vol. 17 (1984), vol. 20 (1987)-vol. 41 (2012)
=856  \\$31850-9999$uhttp://www.elsevier.com/journals$xBLDSS
=945  \\$aHANDBOOK OF GEOPHYSICAL EXPLORATION SECTION I SEISMIC EXPLORATION.
=959  \\$fHeld but not currently received
=985  \\$aCorrected by MS generated file for WR# 12.018
=985  \\$aRecord merged by DQ team
=985  \\$aISSN in process of being transferred to ISSN Netherlands, July 14 2015.
=A02  \\$a2255691
=ACF  \\$aPrevious copyright fee: GBP19.00$c5\5$e01-jan-2008$fGBP19.00$g0$hP$5Uk
=ACF  \\$aPrevious copyright fee: GBP18.00$c5\5$e01-apr-2004$fGBP18.00$g0$hP$5Uk
=ACF  \\$aCurrent copyright fee: GBP20.00$c5\5$e01-jan-2003$fGBP20.00$g0$hP$5Uk
=ACF  \\$aCurrent copyright fee: GBP15.00$c5\5$e01-jul-2002$fGBP15.00$g0$hP$5Uk
=ACF  \\$aPrevious copyright fee: GBP20.00$c5\1$e01-jan-2009$fGBP20.00$g0$hP$5Uk
=ACF  \\$aPrevious copyright fee: GBP21.00$c5\1$e01-jan-2012$fGBP21.00$g0$hP$5Uk
=ACF  \\$aPrevious copyright fee: GBP22.50$c5\1$e01-jan-2013$fGBP22.50$g0$hP$5Uk
=ACF  \\$aPrevious copyright fee: GBP23.40$c5\1$e01-jan-2018$fGBP23.40$g0$hP$5Uk
=CAT  \\$aCONV$b00$c20040425$lBLL90$h0703
=CAT  \\$aWR10_147$b40$c20101107$lBLL01$h2013
=CAT  \\$aWR10_147$b40$c20101107$lBLL01$h2018
=CAT  \\$aWR11_155$c20111021$lBLL01$h1324
=CAT  \\$aWR11_155$c20111114$lBLL01$h1645
=CAT  \\$aBATCH-UPD$b00$c20111123$lBLL01$h1850
=CAT  \\$aIPL-CLA$c20111230$lBLL01$h1752
=CAT  \\$aBLSS-CORR$b00$c20120724$lBLL01$h1756
=CAT  \\$aBATCH-CLA$b00$c20121104$lBLL01$h1012
=CAT  \\$aBATCH-UPD$b00$c20121121$lBLL01$h1653
=CAT  \\$aIPL-CLA$c20121231$lBLL01$h1250
=CAT  \\$aIPL-CLA$c20130102$lBLL01$h1653
=CAT  \\$a8456$b40$c20130305$lBLL01$h1354
=CAT  \\$aWR13.005$c20130322$lBLL01$h1936
=CAT  \\$a7164$b40$c20140714$lBLL01$h1042
=CAT  \\$aBLDSS-3PM$b00$c20141222$lBLL01$h1710
=CAT  \\$a11313$b40$c20150714$lBLL01$h0921
=CAT  \\$a11313$b40$c20150714$lBLL01$h0930
=CAT  \\$aBATCH-UPD$b40$c20160413$lBLL01$h1805
=CAT  \\$aBATCH-UPD$b40$c20171121$lBLL01$h1739
=CAT  \\$aBATCH-UPD$b40$c20171121$lBLL01$h2221
=CAT  \\$aIPL-CLA$c20171231$lBLL01$h1430
=CAT  \\$aBATCH-UPD$b00$c20190521$lBLL01$h1431
=CAT  \\$aIPL-CLA$c20190630$lBLL01$h1527
=CAT  \\$aBATCH-UPD$b00$c20211119$lBLL01$h1549
=CAT  \\$aIPL-CLA$c20211231$lBLL01$h1537
=CFI  0\$aCurrent copyright fee: GBP34.30$c5\1$e01-jan-2022$fGBP34.30$g0$hP$5Uk
=CFI  2\$aPrevious copyright fee: GBP32.84$c5\1$e01-jul-2019$fGBP32.84$g0$hP$5Uk
=FFP  \\$aY$bBLDSS-3PM
=FIN  \\$aY
=FMT  \\$a  SE
=LAS  \\$aIPL-CLA$b00$c20211231$lBLL01$h1537
=LEO  \\$aMP22.0000024149
=LEO  \\$aMP10.0000258070
=MIS  \\$aSO
=SRC  \\$aISN01$bbibmp22.200404.2.aa
=SRC  \\$aDSS01$bbibmp10.200404.2.aa
=TCO  \\$aCLA$bCLA$c008
=TOC  \\$aETOC

