=LDR  04227cas a22009253  4500
=001  009200458
=003  Uk
=005  20220930142352.0
=008  040409|||||||||at\a|\p|\|\\\\0\\\a0eng\\
=019  c\$a2531337
=022  0\$a1833-3583$z1322-4913
=040  \\$aUk$cUk$dUk
=245  00$aHEALTH INFORMATION MANAGEMENT.
=336  \\$atext$2rdacontent
=337  \\$aunmediated$2rdamedia
=338  \\$avolume$2rdacarrier
=540  \\$aCurrent copyright fee: GBP32.82$c19\0$5Uk
=595  \\$aFORMERLY 1814.273N. CONTD AS 4275.017550N.
=776  08$iAlso issued online as:$tHealth information management journal$x1833-3575
=852  41$aBritish Library$bDSC$j4275.017500$3VOL. 29, 1999- 29(4), 2000 *A=1
=856  \\$31850-9999$uhttp://www.uk.sagepub.com/home.nav$xBLDSS
=883  0\$aLanguage codes assigned by Bayesian analysis of words present in record$d20210115$qUk$c0.9450
=945  \\$aHEALTH INFORMATION MANAGEMENT.
=959  \\$fHeld but not currently received
=985  \\$a1322-4913 is a cancelled ISSN.
=A02  \\$a2531337
=ACF  \\$aPrevious copyright fee: GBP5.00$c0$e01-jul-2002$fGBP5.00$g0$hC$5Uk
=ACF  \\$aCurrent copyright fee: GBP2.50$c0$e16-sep-1999$fGBP2.50$g0$hC$5Uk
=ACF  \\$aPrevious copyright fee: GBP10.50$c0$e01-jan-2011$fGBP10.50$g0$hA$5Uk
=ACF  \\$aPrevious copyright fee: GBP12.00$c0$e01-jan-2012$fGBP12.00$g0$hA$5Uk
=ACF  \\$aPrevious Copyright Fee: GBP12.30$c0$e01-jan-2014$fGBP12.30$g0$hA$5Uk
=ACF  \\$aPrevious Copyright Fee: GBP19.00$c0$e01-jul-2016$fGBP19.00$g0$hC$5Uk
=ACF  \\$aPrevious Copyright Fee: GBP30.00$c0$e01-oct-2017$fGBP30.00$g0$hC$5Uk
=ACF  \\$aPrevious Copyright Fee: GBP32.00$c0$e01-jul-2017$fGBP32.00$g0$hC$5Uk
=ACF  \\$aPrevious copyright fee: GBP27.69$c19\0$e14-mar-2018$fGBP27.69$g0$hP$5Uk
=ACF  \\$aPrevious copyright fee: GBP25.71$c19\0$e01-apr-2018$fGBP25.71$g0$hP$5Uk
=ACF  \\$aPrevious copyright fee: GBP27.69$c19\0$e01-oct-2018$fGBP27.69$g0$hP$5Uk
=ACF  \\$aPrevious copyright fee: GBP29.08$c19\0$e01-jul-2019$fGBP29.08$g0$hP$5Uk
=ACF  \\$aPrevious copyright fee: GBP30.24$c19\0$e01-oct-2019$fGBP30.24$g0$hP$5Uk
=ACF  \\$aPrevious copyright fee: GBP30.29$c19\0$e01-apr-2020$fGBP30.29$g0$hP$5Uk
=ACF  \\$aPrevious copyright fee: GBP31.50$c19\0$e01-jul-2020$fGBP31.50$g0$hP$5Uk
=ACF  \\$aPrevious copyright fee: GBP29.17$c19\0$e01-apr-2021$fGBP29.17$g0$hP$5Uk
=ACF  \\$aPrevious copyright fee: GBP28.13$c19\0$e07-jul-2021$fGBP28.13$g0$hP$5Uk
=CAT  \\$aCONV$b00$c20040425$lBLL90$h0703
=CAT  \\$aBATCH-CLA$b00$c20170831$lBLL01$h1632
=CAT  \\$aIPL-CLA$c20170929$lBLL01$h1714
=CAT  \\$a5552$b40$c20180314$lBLL01$h1148
=CAT  \\$aBLDSS-3PM$b00$c20180321$lBLL01$h1003
=CAT  \\$aBATCH-UPD$b00$c20180321$lBLL01$h1004
=CAT  \\$aIPL-CLA$c20180331$lBLL01$h1602
=CAT  \\$aBATCH-UPD$b00$c20180823$lBLL01$h1933
=CAT  \\$aIPL-CLA$c20180930$lBLL01$h1453
=CAT  \\$aBATCH-UPD$b00$c20190521$lBLL01$h1406
=CAT  \\$aIPL-CLA$c20190630$lBLL01$h1527
=CAT  \\$aBATCH-UPD$b00$c20190829$lBLL01$h1514
=CAT  \\$aIPL-CLA$c20190930$lBLL01$h1629
=CAT  \\$aBATCH-UPD$b00$c20200219$lBLL01$h1507
=CAT  \\$aIPL-CLA$c20200331$lBLL01$h1605
=CAT  \\$aBATCH-UPD$b00$c20200522$lBLL01$h1445
=CAT  \\$aIPL-CLA$c20200701$lBLL01$h0047
=CAT  \\$aBATCH-UPD$b00$c20210226$lBLL01$h1026
=CAT  \\$aIPL-CLA$c20210331$lBLL01$h1656
=CAT  \\$aW2102-0046$b00$c20210516$lBLL01$h1914
=CAT  \\$aBATCH-UPD$b00$c20210707$lBLL01$h1550
=CAT  \\$aIPL-CLA$c20210707$lBLL01$h1841
=CAT  \\$aBATCH-UPD$b00$c20220520$lBLL01$h1637
=CAT  \\$aIPL-CLA$c20220630$lBLL01$h1534
=CAT  \\$aBATCH-UPD$b00$c20220824$lBLL01$h0903
=CAT  \\$aIPL-CLA$c20220930$lBLL01$h1423
=CFI  0\$aCurrent copyright fee: GBP32.82$c19\0$e01-oct-2022$fGBP32.82$g0$hP$5Uk
=CFI  2\$aPrevious copyright fee: GBP31.50$c19\0$e01-jul-2022$fGBP31.50$g0$hP$5Uk
=FFP  \\$aY$bBLDSS-3PM
=FIN  \\$aY
=FMT  \\$a  SE
=LAS  \\$aIPL-CLA$b00$c20220930$lBLL01$h1423
=LEO  \\$aMP10.0000261414
=SRC  \\$aDSS01$bbibmp10.200404.2.aa
=TCO  \\$aAUS$bCAL$c008
=TOC  \\$aETOC
=UNO  \\$aY

