=LDR  04427cas a2201045 a 4500
=001  009208700
=003  Uk
=005  20221231191015.0
=007  ta
=008  040409c19859999it\ar\\\\\\\\\0\\\a0eng\\
=019  c\$a2325242
=019  1\$ar6516428
=022  0\$a0393-5949
=040  \\$aUk$cUk$dUk
=041  0\$aeng$afre$ager$aita$aspa
=082  00$a945.005$219
=210  0\$aTatti stud.
=222  \0$aI Tatti studies
=245  00$aI Tatti studies.
=246  1\$iMinor title change:$aI Tatti studies in the Italian Renaissance,$f2013-
=246  14$aI Tatti :$bstudies in the Italian Renaissance
=260  \\$aFlorence :$bVilla I Tatti, the Harvard University Center for Italian Renaissance Studies,$c1985-
=264  31$32013-$aChicago :$bUniversity of Chicago Press
=300  \\$av. :$bill. ;$c25 cm.
=310  \\$aAnnual
=336  \\$atext$2rdacontent
=337  \\$aunmediated$2rdamedia
=338  \\$avolume$2rdacarrier
=362  0\$aVol. 1 (1985)-
=540  \\$aCurrent Copyright Fee: GBP25.00$c0$5Uk
=546  \\$aEnglish, French, German, Italian and Spanish.
=588  \\$aLatest issue consulted: vol. 17, 1 (spring 2014).
=650  \0$aRenaissance$zItaly$vPeriodicals.
=651  \0$aItaly$xCivilization$y1268-1559$vPeriodicals.
=710  2\$aVilla I Tatti (Florence, Italy)
=852  41$aBritish Library$bDSC$j4357.795000$3Vol. 2 (1987)***UKRR Retained Title
=852  41$aBritish Library$bHMNTS$jZA.9.a.691$3Vol. 1 (1985)-***UKRR Retained Title
=945  \\$aI TATTI STUDIES.
=959  \\$fHeld but not currently received
=963  \\$aVOL. 1, 1985- *A=1$bY$cP576.C.91
=985  \\$aCorrected by MS generated file for WR# 12.018
=985  \\$aRecord merged by DQ team
=985  \\$aShould be a major title change, but made a minor title change because of ISSN implications (and LOC have made it minor), 24/6/14, MP.
=985  \\$aUpgraded by BSS-generated file for WR2011-1473
=A02  \\$a2325242
=ACF  \\$aPrevious copyright fee: GBP5.00$c0$e01-jul-2002$fGBP5.00$g0$hC$5Uk
=ACF  \\$aCurrent copyright fee: GBP4.40$c0$e01-jul-1998$fGBP4.40$g0$hA$5Uk
=ACF  \\$aCurrent copyright fee: GBP4.20$c0$e01-apr-1997$fGBP4.20$g0$hA$5Uk
=ACF  \\$aPrevious copyright fee: GBP10.50$c0$e01-jan-2011$fGBP10.50$g0$hA$5Uk
=ACF  \\$aPrevious copyright fee: GBP12.00$c0$e01-jan-2012$fGBP12.00$g0$hA$5Uk
=ACF  \\$aPrevious Copyright Fee: GBP12.30$c0$e01-jan-2014$fGBP12.30$g0$hA$5Uk
=ACF  \\$aPrevious Copyright Fee: GBP15.00$c0$e01-jan-2017$fGBP15.00$g0$hA$5Uk
=ACF  \\$aPrevious Copyright Fee: GBP17.50$c0$e01-jan-2018$fGBP17.50$g0$hA$5Uk
=ACF  \\$aPrevious Copyright Fee: GBP20.00$c0$e01-jan-2020$fGBP20.00$g0$hA$5Uk
=CAT  \\$aCONV$b00$c20040425$lBLL90$h0704
=CAT  \\$aBATCH$b00$c20091216$lBLL01$h0123
=CAT  \\$aBATCH-UPD$b00$c20101201$lBLL01$h1222
=CAT  \\$aIPL-CLA$c20101231$lBLL01$h1255
=CAT  \\$aWR11_203$c20111204$lBLL01$h1334
=CAT  \\$aIPL-CLA$c20111230$lBLL01$h1756
=CAT  \\$aBLSS-CORR$b00$c20120724$lBLL01$h1756
=CAT  \\$a8874$b40$c20120731$lBLL01$h0856
=CAT  \\$aBATCH-CLA$b00$c20121104$lBLL01$h1010
=CAT  \\$aWR13.005$c20130322$lBLL01$h1942
=CAT  \\$aBATCH-CLA$c20131217$lBLL01$h1814
=CAT  \\$aIPL-CLA$c20131231$lBLL01$h2003
=CAT  \\$a5997$b40$c20140624$lBLL01$h0914
=CAT  \\$aBATCH-CLA$b00$c20161222$lBLL01$h1716
=CAT  \\$aIPL-CLA$c20161230$lBLL01$h1858
=CAT  \\$aBATCH-CLA$b00$c20171222$lBLL01$h2015
=CAT  \\$aIPL-CLA$c20171231$lBLL01$h1432
=CAT  \\$a14633$b40$c20180730$lBLL01$h1330
=CAT  \\$aBATCH-CLA$b00$c20191219$lBLL01$h1641
=CAT  \\$aIPL-CLA$c20191231$lBLL01$h1754
=CAT  \\$aR2001-1524$c20200127$lBLL01$h1934
=CAT  \\$aW2011-1473$b00$c20201124$lBLL01$h1834
=CAT  \\$aBATCH-CLA$b00$c20201204$lBLL01$h1438
=CAT  \\$aIPL-CLA$c20201231$lBLL01$h1956
=CAT  \\$aBATCH-CLA$b00$c20221221$lBLL01$h1743
=CAT  \\$aIPL-CLA$c20221231$lBLL01$h1910
=CFI  0\$aCurrent Copyright Fee: GBP25.00$c0$e01-jan-2023$fGBP25.00$g0$hA$5Uk
=CFI  2\$aPrevious Copyright Fee: GBP22.50$c0$e01-jan-2021$fGBP22.50$g0$hA$5Uk
=FIN  \\$aY
=FMT  \\$a  SE
=LAS  \\$aIPL-CLA$b00$c20221231$lBLL01$h1910
=LEO  \\$aMP10.0000273336
=LEO  \\$aMP13.0001091986
=SRC  \\$aHSS01$bbibmp13.200404.2.ab
=SRC  \\$aDSS01$bbibmp10.200404.2.aa
=TCO  \\$aITA$bAIDRO / SIAE$c008

