=LDR  04363cas a2201021 i 4500
=001  009209194
=003  Uk
=005  20221231191021.0
=007  ta
=008  040409c19509999ie\tr\p\\\\\\\0\\\a0eng\\
=019  c\$a2233773
=019  x\$a0874860253
=022  \\$y0019-1027
=040  \\$aUk$beng$cUk$dUk$erda
=042  \\$aukblsr
=082  04$a820.809417$223
=130  0\$aIcarus (Dublin, Ireland)
=245  10$aIcarus.
=246  13$aIcarus magazine
=246  13$aIcarus -Dublin-
=264  \1$aDublin :$bTrinity Publications, Trinity College Dublin,$c[1950]-
=300  \\$c21 cm
=310  \\$aThree times a year
=336  \\$atext$2rdacontent
=337  \\$aunmediated$2rdamedia
=338  \\$avolume$2rdacarrier
=362  0\$aBegan with number 1 (1950).
=540  \\$aCurrent Copyright Fee: GBP25.00$c0$5Uk
=588  \\$aDescription based on: volume LXVII, issue III = 67.3 (Trinity 2017).
=588  \\$aLatest issue consulted: volume LXXI, issue 1 = 71:1, published in 2020.
=595  \\$aSEE ALSO CARD INDEX.
=650  \0$aEnglish literature$xIrish authors$vPeriodicals.
=650  \0$aEnglish literature$y20th century$vPeriodicals.
=650  \0$aEnglish literature$y21st century$vPeriodicals.
=710  2\$aTrinity College (Dublin, Ireland),$eissuing body.
=852  41$aBritish Library$bHMNTS$jPP.4970.eca.$31950-1997; Vol. 67, issue 3 (2017)-vol. 70, issue 1 (2019)-***Check shelf for accurate holdings.
=945  \\$aICARUS -DUBLIN-.
=963  \\$aNO. 1, 1950- 57, [19?] *A=1; 76, [1980] *A=1; 1984- *A=1$bN$cL727.B.337
=979  \\$aBritish Library$bDSC$j4360.249500N
=985  \\$aScan of volume 71, issue 1 sent to ISSN Ireland for ISSN completion (Richard, 24/05/21)
=A02  \\$a2233773
=ACF  \\$aPrevious copyright fee: GBP9.00$c0$e01-apr-2010$fGBP9.00$g0$hA$5Uk
=ACF  \\$aPrevious copyright fee: GBP6.00$c0$e01-apr-2008$fGBP6.00$g0$hA$5Uk
=ACF  \\$aPrevious copyright fee: GBP5.00$c0$e01-jul-2002$fGBP5.00$g0$hA$5Uk
=ACF  \\$aCurrent copyright fee: GBP4.40$c0$e01-jul-1998$fGBP4.40$g0$hA$5Uk
=ACF  \\$aCurrent copyright fee: GBP4.20$c0$e01-apr-1997$fGBP4.20$g0$hA$5Uk
=ACF  \\$aPrevious copyright fee: GBP10.50$c0$e01-jan-2011$fGBP10.50$g0$hA$5Uk
=ACF  \\$aPrevious copyright fee: GBP12.00$c0$e01-jan-2012$fGBP12.00$g0$hA$5Uk
=ACF  \\$aPrevious Copyright Fee: GBP12.30$c0$e01-jan-2014$fGBP12.30$g0$hA$5Uk
=ACF  \\$aPrevious Copyright Fee: GBP15.00$c0$e01-jan-2017$fGBP15.00$g0$hA$5Uk
=ACF  \\$aPrevious Copyright Fee: GBP17.50$c0$e01-jan-2018$fGBP17.50$g0$hA$5Uk
=ACF  \\$aPrevious Copyright Fee: GBP20.00$c0$e01-jan-2020$fGBP20.00$g0$hA$5Uk
=CAT  \\$aCONV$b00$c20040425$lBLL90$h0704
=CAT  \\$aBATCH-UPD$b00$c20101124$lBLL01$h1812
=CAT  \\$aBATCH-UPD$b00$c20101125$lBLL01$h1033
=CAT  \\$aIPL-CLA$c20101231$lBLL01$h1255
=CAT  \\$aWR11_203$c20111204$lBLL01$h1335
=CAT  \\$aIPL-CLA$c20111230$lBLL01$h1756
=CAT  \\$aBATCH-CLA$b00$c20121104$lBLL01$h1010
=CAT  \\$aWR13.005$c20130322$lBLL01$h1942
=CAT  \\$aBATCH-CLA$c20131217$lBLL01$h1815
=CAT  \\$aIPL-CLA$c20131231$lBLL01$h2003
=CAT  \\$aBATCH-CLA$b00$c20161222$lBLL01$h1716
=CAT  \\$aIPL-CLA$c20161230$lBLL01$h1858
=CAT  \\$a11205$b40$c20170926$lBLL01$h1552
=CAT  \\$a11205$b40$c20170926$lBLL01$h1600
=CAT  \\$a11205$b40$c20170926$lBLL01$h1601
=CAT  \\$aBATCH-CLA$b00$c20171222$lBLL01$h2016
=CAT  \\$aIPL-CLA$c20171231$lBLL01$h1433
=CAT  \\$aBATCH-CLA$b00$c20191219$lBLL01$h1641
=CAT  \\$aIPL-CLA$c20191231$lBLL01$h1754
=CAT  \\$aR2001-1524$c20200127$lBLL01$h1934
=CAT  \\$aBATCH-CLA$b00$c20201204$lBLL01$h1438
=CAT  \\$aIPL-CLA$c20201231$lBLL01$h1956
=CAT  \\$a8483$b40$c20210521$lBLL01$h1134
=CAT  \\$a10806$b40$c20210524$lBLL01$h0935
=CAT  \\$aBATCH-CLA$b00$c20221221$lBLL01$h1743
=CAT  \\$aIPL-CLA$c20221231$lBLL01$h1910
=CFI  0\$aCurrent Copyright Fee: GBP25.00$c0$e01-jan-2023$fGBP25.00$g0$hA$5Uk
=CFI  2\$aPrevious Copyright Fee: GBP22.50$c0$e01-jan-2021$fGBP22.50$g0$hA$5Uk
=FIN  \\$aY
=FMT  \\$a  SE
=LAS  \\$aIPL-CLA$b00$c20221231$lBLL01$h1910
=LEO  \\$aMP1.0001042150
=LEO  \\$aMP10.0000274162
=SRC  \\$aBLS01$bbibmp1.200404.2.ab
=SRC  \\$aDSS01$bbibmp10.200404.2.aa
=TCO  \\$aCLA$bCLA$c008

