=LDR  03155cas a2200769 a 4500
=001  009223156
=003  Uk
=005  20230614122049.0
=007  ta
=008  040410c19069999pe\uu\p\\\\\\\0\\\b0spa\\
=019  c\$a2147826
=019  x\$a1922930172
=022  0\$a0376-4052$y2227-054x
=040  \\$aUk$cUk$dUk
=082  0\$a985/.005$219
=130  0\$aRevista histórica (Lima, Peru)
=210  0\$aRev. hist.$b(Lima)
=222  \0$aRevista histórica$b(Lima)
=245  10$aRevista histórica.
=246  18$aRevista histórica del Perú$f1906-<19>
=260  \\$aLima :$bInstituto histórico del Perú,$c1906-
=300  \\$av. :$bill. ;$c24-26 cm.
=336  \\$atext$2rdacontent
=337  \\$aunmediated$2rdamedia
=338  \\$avolume$2rdacarrier
=362  0\$aT. 1 (1906)-
=540  \\$aBritish Library not licensed to copy$c0$5Uk
=550  \\$aVols for 1962- issued by: Academia Nacional de la Historia.
=595  \\$aSEE ALSO CARD INDEX.
=651  \0$aPeru$xHistory$vPeriodicals.
=710  2\$aInstituto Histórico del Perú.
=710  2\$aAcademia Nacional de la Historia (Peru)
=852  41$aBritish Library$bHMNTS$jAc.9233.er$3Tomo 1-***UKRR Retained Title
=852  41$aBritish Library$bDSC$j7858.550000$3Vol. 27 (1964)***UKRR Retained Title
=945  \\$aREVISTA HISTORICA -LIMA-.
=959  \\$fHeld but not currently received
=963  \\$aVOL. 1, 1906- 2, 1907 *A=1$bN$cL673.C.20
=985  \\$aRecord merged by DQ team
=985  \\$aISSN UK has contacted the Peru Centre. Reply that there has likely to have been a double assignment and they will probably confirm the 2227-054x will be preferred as the publisher is now printing it on the item. Can change the ISSN in the record when this work is done and validated on the ISSN Portal (ED 14.6.2023).
=A02  \\$a2147826
=ACF  \\$aPrevious copyright fee: GBP5.00$c0$e01-jul-2002$fGBP5.00$g0$hC$5Uk
=ACF  \\$aCurrent copyright fee: GBP4.40$c0$e01-jul-1998$fGBP4.40$g0$hA$5Uk
=ACF  \\$aCurrent copyright fee: GBP4.20$c0$e01-apr-1997$fGBP4.20$g0$hA$5Uk
=CAT  \\$aCONV$b00$c20040425$lBLL90$h0710
=CAT  \\$aCONV$b00$c20040502$lBLL01$h1319
=CAT  \\$c20041009$lBLL01$h1934
=CAT  \\$aBATCH$b00$c20091209$lBLL01$h0416
=CAT  \\$aBATCH$b00$c20091214$lBLL01$h0457
=CAT  \\$aBATCH$b00$c20091216$lBLL01$h0126
=CAT  \\$a8456$b40$c20100929$lBLL01$h1045
=CAT  \\$aBATCH-UPD$b40$c20101201$lBLL01$h1223
=CAT  \\$aIPL-CLA$c20101231$lBLL01$h1301
=CAT  \\$aBATCH-UPD$b00$c20110907$lBLL01$h1805
=CAT  \\$aIPL-CLA$c20110908$lBLL01$h1720
=CAT  \\$aBATCH-CLA$b00$c20121104$lBLL01$h1007
=CAT  \\$aWR13.005$c20130322$lBLL01$h1951
=CAT  \\$a8483$b40$c20230614$lBLL01$h1220
=CFI  0\$aBritish Library not licensed to copy$c0$e07-sep-2011$hC$iTX$5Uk
=CFI  2\$aPrevious copyright fee: GBP10.50$c0$e01-jan-2011$fGBP10.50$g0$hA$5Uk
=FIN  \\$aY
=FMT  \\$a  SE
=LAS  \\$a8483$b40$c20230614$lBLL01$h1220
=LEO  \\$aMP1.0002302161
=LEO  \\$aMP10.0000508022
=SRC  \\$aBLS01$bbibmp1.200404.2.ac
=SRC  \\$aDSS01$bbibmp10.200404.2.aa
=TCO  \\$aXXX$c008

