=LDR  05760cas a22010573  4500
=001  009224636
=003  Uk
=005  20221231191332.0
=008  040410d199u2005fr\ar\p\\\\\\\0\\\a0eng\\
=019  c\$a2148747
=022  0\$a0035-3175$y1154-1105
=040  \\$aUk$cUk$dUk
=245  00$aRevue générale des catoutchoucs et des plastiques.
=246  1\$iMinor title change:$aRevue générale des caoutchoucs & plastiques
=246  1\$iMinor title change:$aCaoutchoucs & plastiques,$fNo. 698 (août/fév. 1990).
=246  1\$iMinor title change:$aRevue générale des caoutchoucs & plastiques,$fNo. 699 (Oct. 1990)-issue 830(avr. 2005).
=246  17$aCaoutchoucs & plastiques
=336  \\$atext$2rdacontent
=337  \\$aunmediated$2rdamedia
=338  \\$avolume$2rdacarrier
=540  \\$aCurrent Copyright Fee: GBP25.00$c0$5Uk
=595  \\$aFormerly 7907.000000. Continued as 3050.614000 Iss. 698 1990-
=785  00$tPlastiques & caoutchoucs magazine
=852  41$aBritish Library$bDSC$j7907.100000
=852  41$aBritish Library$bSTI$j(P) MF 00 -F(4)$3Ann. 46, Fasc. 485 [19uu]-
=945  \\$aRevue generale des caoutchoucs et plastiques
=959  \\$fHeld but not currently received
=985  \\$aTitle has changed several times over the years, but LC and ISSN records each record a different sequence, neither of which match our records. Many of the title changes would now be considered as minor. Copies available show the title has consistently been 'Revue générale des caoutchoucs & plastiques' since issue 647 (jan./fév. 1985), with the exception of the single issue number 698 (août/fév. 1990) which was entitled 'Caoutchoucs & plastiques'. M. Brook 02.09.2005
=ACF  \\$aPrevious Copyright Fee: GBP5.71$c0$e01-jul-2009$fGBP5.71$g0$hC$5Uk
=ACF  \\$aPrevious Copyright Fee: GBP5.71$c0$e01-apr-2009$fGBP5.71$g0$hC$5Uk
=ACF  \\$aPrevious Copyright Fee: GBP5.00$c0$e01-jan-2009$fGBP5.00$g0$hC$5Uk
=ACF  \\$aPrevious Copyright Fee: GBP4.00$c0$e01-oct-2008$fGBP4.00$g0$hC$5Uk
=ACF  \\$aPrevious Copyright Fee: GBP4.00$c0$e01-jul-2008$fGBP4.00$g0$hC$5Uk
=ACF  \\$aPrevious Copyright Fee: GBP4.00$c0$e01-apr-2008$fGBP4.00$g0$hC$5Uk
=ACF  \\$aPrevious Copyright Fee: GBP4.00$c0$e01-jan-2008$fGBP4.00$g0$hC$5Uk
=ACF  \\$aPrevious Copyright Fee: GBP4.00$c0$e01-oct-2007$fGBP4.00$g0$hC$5Uk
=ACF  \\$aPrevious Copyright Fee: GBP4.00$c0$e01-jul-2007$fGBP4.00$g0$hC$5Uk
=ACF  \\$aPrevious Copyright Fee: GBP4.10$c0$e01-apr-2007$fGBP4.10$g0$hC$5Uk
=ACF  \\$aPrevious Copyright Fee: GBP4.32$c0$e01-jan-2007$fGBP4.32$g0$hC$5Uk
=ACF  \\$aPrevious Copyright Fee: GBP4.32$c0$e01-oct-2006$fGBP4.32$g0$hC$5Uk
=ACF  \\$aPrevious Copyright Fee: GBP4.57$c0$e01-jul-2006$fGBP4.57$g0$hC$5Uk
=ACF  \\$aPrevious Copyright Fee: GBP4.57$c0$e01-apr-2006$fGBP4.57$g0$hC$5Uk
=ACF  \\$aPrevious Copyright Fee: GBP4.44$c0$e01-jan-2006$fGBP4.44$g0$hC$5Uk
=ACF  \\$aPrevious Copyright Fee: GBP4.32$c0$e01-oct-2005$fGBP4.32$g0$hC$5Uk
=ACF  \\$aPrevious Copyright Fee: GBP4.32$c0$e01-jul-2005$fGBP4.32$g0$hC$5Uk
=ACF  \\$aPrevious Copyright Fee: GBP4.32$c0$e01-apr-2005$fGBP4.32$g0$hC$5Uk
=ACF  \\$aPrevious Copyright Fee: GBP4.44$c0$e01-jan-2005$fGBP4.44$g0$hC$5Uk
=ACF  \\$aPrevious Copyright Fee: GBP4.32$c0$e01-oct-2004$fGBP4.32$g0$hC$5Uk
=ACF  \\$aPrevious copyright fee: GBP4.32$c0$e01-apr-2004$fGBP4.32$g0$hC$5Uk
=ACF  \\$aCurrent copyright fee: GBP1.18$c0$e01-jan-2004$fGBP1.18$g0$hC$5Uk
=ACF  \\$aCurrent copyright fee: GBP1.25$c0$e01-jan-2003$fGBP1.25$g0$hC$5Uk
=ACF  \\$aPrevious copyright fee: GBP10.50$c0$e01-jan-2011$fGBP10.50$g0$hA$5Uk
=ACF  \\$aPrevious copyright fee: GBP12.00$c0$e01-jan-2012$fGBP12.00$g0$hA$5Uk
=ACF  \\$aPrevious Copyright Fee: GBP12.30$c0$e01-jan-2014$fGBP12.30$g0$hA$5Uk
=ACF  \\$aPrevious Copyright Fee: GBP15.00$c0$e01-jan-2017$fGBP15.00$g0$hA$5Uk
=ACF  \\$aPrevious Copyright Fee: GBP17.50$c0$e01-jan-2018$fGBP17.50$g0$hA$5Uk
=ACF  \\$aPrevious Copyright Fee: GBP20.00$c0$e01-jan-2020$fGBP20.00$g0$hA$5Uk
=CAT  \\$aCONV$b00$c20040425$lBLL90$h0710
=CAT  \\$aBATCH-CLA$b00$c20090529$lBLL01$h1713
=CAT  \\$aBATCH-CLA$b00$c20090529$lBLL01$h1728
=CAT  \\$aBATCH-UPD$b00$c20090701$lBLL01$h1950
=CAT  \\$aBATCH-UPD$b00$c20090701$lBLL01$h2029
=CAT  \\$aBATCH$b00$c20090701$lBLL01$h2051
=CAT  \\$aBATCH$b00$c20091209$lBLL01$h0416
=CAT  \\$aBATCH$b00$c20091214$lBLL01$h0458
=CAT  \\$aBATCH-UPD$b00$c20101201$lBLL01$h1223
=CAT  \\$aIPL-CLA$c20101231$lBLL01$h1302
=CAT  \\$aWR11_203$c20111204$lBLL01$h1340
=CAT  \\$aIPL-CLA$c20111230$lBLL01$h1802
=CAT  \\$aBATCH-CLA$b00$c20121104$lBLL01$h1007
=CAT  \\$aBATCH-CLA$c20131217$lBLL01$h1821
=CAT  \\$aIPL-CLA$c20131231$lBLL01$h2012
=CAT  \\$aBATCH-CLA$b00$c20161222$lBLL01$h1718
=CAT  \\$aIPL-CLA$c20161230$lBLL01$h1903
=CAT  \\$aBATCH-CLA$b00$c20171222$lBLL01$h2018
=CAT  \\$aIPL-CLA$c20171231$lBLL01$h1437
=CAT  \\$aBATCH-CLA$b00$c20191219$lBLL01$h1643
=CAT  \\$aIPL-CLA$c20191231$lBLL01$h1758
=CAT  \\$aR2001-1524$c20200127$lBLL01$h1934
=CAT  \\$aBATCH-CLA$b00$c20201204$lBLL01$h1440
=CAT  \\$aIPL-CLA$c20201231$lBLL01$h2000
=CAT  \\$aBATCH-CLA$b00$c20221221$lBLL01$h1745
=CAT  \\$aIPL-CLA$c20221231$lBLL01$h1913
=CFI  0\$aCurrent Copyright Fee: GBP25.00$c0$e01-jan-2023$fGBP25.00$g0$hA$5Uk
=CFI  2\$aPrevious Copyright Fee: GBP22.50$c0$e01-jan-2021$fGBP22.50$g0$hA$5Uk
=FIN  \\$aY
=FMT  \\$a  SE
=LAS  \\$aIPL-CLA$b00$c20221231$lBLL01$h1913
=LEO  \\$aMP10.0000510153
=SRC  \\$aDSS01$bbibmp10.200404.2.aa
=TCO  \\$aFRA$bCFC$c008

