=LDR  04385cas a2201033 a 4500
=001  009543233
=003  Uk
=005  20100212170907.0
=007  ta
=008  910813c19379999enkwr\n\\\\\\\0\\\a0eng\\
=019  c\$a2107300
=022  1\$a0026-1262$202
=040  \\$aUk$beng$cUk
=042  \\$aukblsr
=082  04$a287.505$222
=130  0\$aMethodist recorder (1937)
=222  \0$aMethodist recorder
=245  10$aMethodist recorder.
=260  \\$aLondon :$bMethodist Newspaper Co.,$c[1937]-
=300  \\$av. :$bill. (some col.), ports. (some col.) ;$c39-44 cm.
=310  \\$aWeekly
=336  \\$atext$2rdacontent
=337  \\$aunmediated$2rdamedia
=338  \\$avolume$2rdacarrier
=362  1\$aBegan with v. 78, no. 4174 (Nov. 25, 1937).
=500  \\$aDescription based on: 7936 (Jan. 28, 2010).
=540  \\$aBritish Library not licensed to copy$c0$5Uk
=595  \\$aSEE RMS AT MFR 2740.
=610  20$aMethodist Church (Great Britain)$vNewspapers.
=650  \0$aMethodism$vNewspapers.
=651  0\$aLondon (England)$vNewspapers.
=752  \\$aEngland$dLondon.$2blnpn
=780  00$tMethodist recorder and general Christian chronicle (1936)
=852  41$aBritish Library$bNPL$jNEWS.REG2228$3Issue 7933 (Jan. 2010)-
=852  41$31937-2009$aBritish Library$bNPL$jNEWS77
=866  \\$aNewspapers :Vol. 78, no. 4174 (Nov. 25, 1937)-
=945  \\$aMETHODIST RECORDER
=963  \\$aNO. 5901, 1861- *A=1$bY$cNPR.B.985
=985  \\$aExisting ISSN record upgraded from print to form NPL record.
=ACF  \\$aBritish Library not licensed to copy$c0$e01-apr-2012$hC$iCLA Excluded$5Uk
=ACF  \\$aBritish Library not licensed to copy$c0$e01-jan-2012$hC$iCLA Excluded$5Uk
=ACF  \\$aBritish Library not licensed to copy$c0$e01-oct-2011$hC$iCLA Excluded$5Uk
=ACF  \\$aPrevious Copyright Fee: GBP10.50$c0$e01-jul-2011$fGBP10.50$g0$hC$5Uk
=ACF  \\$aPrevious Copyright Fee: GBP10.50$c0$e01-apr-2011$fGBP10.50$g0$hC$5Uk
=ACF  \\$aPrevious Copyright Fee: GBP10.50$c0$e01-jan-2011$fGBP10.50$g0$hC$5Uk
=ACF  \\$aPrevious Copyright Fee: GBP9.00$c0$e01-oct-2010$fGBP9.00$g0$hC$5Uk
=ACF  \\$aPrevious Copyright Fee: GBP9.00$c0$e01-jul-2010$fGBP9.00$g0$hC$5Uk
=ACF  \\$aPrevious Copyright Fee: GBP9.00$c0$e01-apr-2010$fGBP9.00$g0$hC$5Uk
=ACF  \\$aPrevious Copyright Fee: GBP9.00$c0$e01-Jan-2010$fGBP9.00$g0$hC$5Uk
=ACF  \\$aPrevious Copyright Fee: GBP6.00$c0$e01-oct-2009$fGBP6.00$g0$hC$5Uk
=ACF  \\$aBritish Library not licensed to copy$c0$e01-jul-2012$hC$iCLA Excluded$5Uk
=CAT  \\$aCONV$b00$c20040425$lBLL90$h0848
=CAT  \\$aIPL-CLA$c20101231$lBLL01$h1305
=CAT  \\$aBATCH-CLA$b00$c20110228$lBLL01$h1545
=CAT  \\$aIPL-CLA$c20110331$lBLL01$h1438
=CAT  \\$aNPL-008-N$c20110504$lBLL01$h2201
=CAT  \\$aBATCH-CLA$b00$c20110531$lBLL01$h1640
=CAT  \\$aIPL-CLA$c20110630$lBLL01$h1519
=CAT  \\$aADD-NID$b00$c20110805$lBLL01$h1425
=CAT  \\$aBATCH-CLA$b00$c20110831$lBLL01$h1801
=CAT  \\$aIPL-CLA$c20110930$lBLL01$h1519
=CAT  \\$aBATCH-CLA$b00$c20111130$lBLL01$h1154
=CAT  \\$aIPL-CLA$c20111230$lBLL01$h1805
=CAT  \\$aBATCH-CLA$b00$c20120229$lBLL01$h1556
=CAT  \\$aIPL-CLA$c20120330$lBLL01$h1405
=CAT  \\$aBATCH-CLA$b00$c20120531$lBLL01$h1716
=CAT  \\$aIPL-CLA$c20120629$lBLL01$h1002
=CAT  \\$aBATCH-CLA$b00$c20120831$lBLL01$h1543
=CAT  \\$aIPL-CLA$c20120930$lBLL01$h2024
=CAT  \\$aBATCH-CLA$b00$c20121104$lBLL01$h1004
=CAT  \\$aWR12_128$c20121113$lBLL01$h1831
=CAT  \\$aWR13.005$c20130323$lBLL01$h1236
=CAT  \\$c20130924$lBLL01$h1340
=CAT  \\$aBATCH-CLA$b00$c20131129$lBLL01$h1651
=CAT  \\$aIPL-CLA$c20131231$lBLL01$h2017
=CAT  \\$aNPL-LOCK$b77$c20140207$lBLL01$h2149
=CAT  \\$c20140214$lBLL01$h1738
=CFI  0\$aBritish Library not licensed to copy$c0$e01-jan-2014$hC$iCFP Excluded$5Uk
=CFI  2\$aBritish Library not licensed to copy$c0$e01-oct-2012$hC$iCFP Excluded$5Uk
=FIN  \\$aY
=FMT  \\$a  SE
=LAS  \\$c20140214$lBLL01$h1738
=LEO  \\$aMP22.0000001407
=LEO  \\$aMP10.0000370905
=LKR  \\$aPAR$b015486481$lBLL01$nMethodist recorder and general Christian chronicle$mMethodist recorder$r78000
=NID  \\$aNID0001354
=SRC  \\$aISN01$bbibmp22.200404.2.aa
=SRC  \\$aDSS01$bbibmp10.200404.2.aa
=TCO  \\$aCLA$bCLA$c008

