=LDR  04477cas a2201105ua 4500
=001  009543482
=003  Uk
=005  20211231153734.0
=007  ta
=008  761027c19669999enkmr\p\\\\\\\0\\\a0eng\\
=019  c\$a2131443
=019  c\$a2430007
=019  x\$a2661400095
=019  0\$as122712005
=019  0\$as122712013
=022  0\$y0032-9592$y0963-4940$y1359-5113
=040  \\$aUk$cUk$dUk
=082  04$a660.63$221
=084  \\$aKH 85$2blsrissc
=084  \\$aLR 71$2blsrissc
=245  00$aProcess biochemistry.
=246  1\$iMinor title change:$aProcess biochemistry international$f<vol. 25, no. 3-v. 25, no. 6>
=260  \\$aWatford :$bWheatland Journals,$c1966-
=260  2\$31990$aRickmansworth :$bTurret Group
=260  3\$31991-$aBarking :$bElsevier Applied Science
=264  31$aAmsterdam :$bElsevier
=300  \\$av. ;$c29 cm.
=310  \\$aMonthly
=336  \\$atext$2rdacontent
=337  \\$aunmediated$2rdamedia
=338  \\$avolume$2rdacarrier
=540  \\$aCurrent copyright fee: GBP34.30$c5\1$5Uk
=776  0\$aProcess biochemistry (1991 : Online)$x1873-3298
=852  71$aBritish Library$bSTI$k(P)$hKH 85$m-E(1)$2blsrissc$3Vol. 1 (1966)-vol. 36, no. 5 (Dec. 2000)
=852  41$aBritish Library$bHMNTS$jDZK.9.x.192$3Vol. 36, no. 7 (Feb. 2001)- v. 50 Issue 3 (2015)***Title now taken as electronic copy
=852  41$aBritish Library$bHMNTS$jP.313/14.
=852  41$aBritish Library$bDSC$j6849.983500$3Vol. 1, issue 1 (1966)-v. 44, issue 12 (2009)***UKRR Retained Title***Stock Incomplete
=856  \\$31850-9999$uhttp://www.elsevier.com/journals$xBLDSS
=945  \\$aPROCESS BIOCHEMISTRY.
=959  \\$fHeld but not currently received
=963  \\$aVOL. 1, 1966- *A=1$bN$cL361.B.78
=968  \\$aC$bx
=985  \\$aRecord merged by DQ team
=985  \\$aDo not merge bib record with ISSN records
=ACF  \\$aPrevious copyright fee: GBP19.00$c5\5$e01-jan-2008$fGBP19.00$g0$hP$5Uk
=ACF  \\$aPrevious copyright fee: GBP18.00$c5\5$e01-apr-2004$fGBP18.00$g0$hP$5Uk
=ACF  \\$aCurrent copyright fee: GBP20.00$c5\5$e01-jan-2003$fGBP20.00$g0$hP$5Uk
=ACF  \\$aCurrent copyright fee: GBP15.00$c5\5$e01-jul-2002$fGBP15.00$g0$hP$5Uk
=ACF  \\$aPrevious copyright fee: GBP20.00$c5\1$e01-jan-2009$fGBP20.00$g0$hP$5Uk
=ACF  \\$aPrevious copyright fee: GBP21.00$c5\1$e01-jan-2012$fGBP21.00$g0$hP$5Uk
=ACF  \\$aPrevious copyright fee: GBP22.50$c5\1$e01-jan-2013$fGBP22.50$g0$hP$5Uk
=ACF  \\$aPrevious copyright fee: GBP23.40$c5\1$e01-jan-2018$fGBP23.40$g0$hP$5Uk
=CAT  \\$aCONV$b00$c20040425$lBLL90$h0848
=CAT  \\$aBATCH-UPD$b40$c20090101$lBLL01$h0009
=CAT  \\$aBATCH$b00$c20090101$lBLL01$h0142
=CAT  \\$aCDS-UPD$b40$c20091208$lBLL01$h2210
=CAT  \\$aCDS-UPD$b40$c20091208$lBLL01$h2233
=CAT  \\$aWR11_155$c20111021$lBLL01$h1325
=CAT  \\$aWR11_155$c20111114$lBLL01$h1645
=CAT  \\$aBATCH-UPD$b00$c20111123$lBLL01$h1850
=CAT  \\$aIPL-CLA$c20111230$lBLL01$h1805
=CAT  \\$aBATCH-CLA$b00$c20121104$lBLL01$h1004
=CAT  \\$aBATCH-UPD$b00$c20121121$lBLL01$h1653
=CAT  \\$aWR12_168$c20121206$lBLL01$h1810
=CAT  \\$aIPL-CLA$c20121231$lBLL01$h1251
=CAT  \\$aIPL-CLA$c20130102$lBLL01$h1656
=CAT  \\$aWR13.005$c20130323$lBLL01$h1236
=CAT  \\$a5997$b40$c20140815$lBLL01$h1442
=CAT  \\$aBLDSS-3PM$b00$c20141222$lBLL01$h1710
=CAT  \\$a11316$b40$c20150401$lBLL01$h0959
=CAT  \\$aBATCH-UPD$b40$c20160413$lBLL01$h1806
=CAT  \\$aBATCH-UPD$b40$c20170304$lBLL01$h1045
=CAT  \\$aBATCH-UPD$b40$c20171121$lBLL01$h1739
=CAT  \\$aIPL-CLA$c20171231$lBLL01$h1441
=CAT  \\$aBATCH-UPD$b00$c20190521$lBLL01$h1431
=CAT  \\$aIPL-CLA$c20190630$lBLL01$h1527
=CAT  \\$aBATCH-UPD$b00$c20211119$lBLL01$h1549
=CAT  \\$aIPL-CLA$c20211231$lBLL01$h1537
=CFI  0\$aCurrent copyright fee: GBP34.30$c5\1$e01-jan-2022$fGBP34.30$g0$hP$5Uk
=CFI  2\$aPrevious copyright fee: GBP32.84$c5\1$e01-jul-2019$fGBP32.84$g0$hP$5Uk
=EST  \\$a2
=FFP  \\$aY$bBLDSS-3PM
=FIN  \\$aY
=FMT  \\$a  SE
=LAS  \\$aIPL-CLA$b00$c20211231$lBLL01$h1537
=LEO  \\$aMP1.0003188416
=LEO  \\$aMP10.0000461426
=LEO  \\$aMP25.0000028054
=LEO  \\$aMP25.0000028055
=LEO  \\$aMP10.0000461428
=SRC  \\$aBLS01$bbibmp1.200404.2.ad
=SRC  \\$aDSS01$bbibmp10.200404.2.aa
=SRC  \\$aSRI01$bbibmp25.200404.2.aa
=TCO  \\$aCLA$bCLA$c008
=TOC  \\$aETOC

