=LDR  06683 ai a2201345 a 4500
=001  009544152
=003  Uk
=005  20210422104157.0
=007  td
=008  780727d19472019enkmr\l\\\\\\\0\\\a2eng\\
=019  c\$a2237120
=019  x\$a1744300003
=020  \\$a9780900319723 (loose-leaf)
=022  0\$a0070-1580
=040  \\$aUk$beng$cUk$dUk
=042  \\$aukblsr
=082  04$a344.4101$223
=210  0\$aCroner's ref. book employ.
=222  \0$aCroner's reference book for employers
=245  00$aCroner's reference book for employers /$cCompiled and edited by R. E. Kingsley, etc.
=246  30$iUpdates entitled:$aReference book for employers
=260  \\$aNew Malden, Surrey :$bCroner Publications Limited,$c1947-
=260  3\$aKingston upon Thames :$bWolters Kluwer (UK)
=300  \\$av. (loose-leaf) ;$c22 cm.
=310  \\$aUpdated monthly
=336  \\$atext$2rdacontent
=337  \\$aunmediated$2rdamedia
=338  \\$avolume$2rdacarrier
=500  \\$aRevised ed. 1997.
=540  \\$aBritish Library not licensed to copy$c0$5Uk
=588  \\$aDescription based on: No. 768 (Jan 2012) update.
=595  \\$aSEE ALSO SUBSERIES SEE ALSO CARD INDEX.
=650  \0$aPersonnel management$xLaw and legislation$zGreat Britain$vHandbooks, manuals, etc.
=650  \0$aLabor laws and legislation$zGreat Britain$vHandbooks, manuals, etc.
=700  1\$aKingsley, R. E.
=770  0\$tEmployer's briefing$x0963-5343
=852  41$aBritish Library$bDSC$cV$j3487.826000
=852  41$aBritish Library$bHMNTS$j6327.b.37$3Issue 512 (1990:Jun.)-no. 845 (2019)
=945  \\$aCRONERS REFERENCE BOOK FOR EMPLOYERS.
=959  \\$fHeld but not currently received
=985  \\$aDO NOT MERGE with ISSN record. Record merged & upgraded, sight of Jan 2012 update only, CS 22/2/12
=A02  \\$a2237120
=ACF  \\$aPrevious Copyright Fee: GBP12.00$c0$e01-apr-2012$fGBP12.00$g0$hC$5Uk
=ACF  \\$aPrevious Copyright Fee: GBP12.00$c0$e01-jan-2012$fGBP12.00$g0$hC$5Uk
=ACF  \\$aPrevious Copyright Fee: GBP10.50$c0$e01-oct-2011$fGBP10.50$g0$hC$5Uk
=ACF  \\$aPrevious Copyright Fee: GBP10.50$c0$e01-jul-2011$fGBP10.50$g0$hC$5Uk
=ACF  \\$aPrevious Copyright Fee: GBP10.50$c0$e01-apr-2011$fGBP10.50$g0$hC$5Uk
=ACF  \\$aPrevious Copyright Fee: GBP10.50$c0$e01-jan-2011$fGBP10.50$g0$hC$5Uk
=ACF  \\$aPrevious Copyright Fee: GBP9.00$c0$e01-oct-2010$fGBP9.00$g0$hC$5Uk
=ACF  \\$aPrevious Copyright Fee: GBP9.00$c0$e01-jul-2010$fGBP9.00$g0$hC$5Uk
=ACF  \\$aPrevious Copyright Fee: GBP9.00$c0$e01-Jan-2010$fGBP9.00$g0$hC$5Uk
=ACF  \\$aPrevious Copyright Fee: GBP6.00$c0$e01-oct-2009$fGBP6.00$g0$hC$5Uk
=ACF  \\$aBritish Library not licensed to copy$c0$e01-jul-2009$hC$iCLA Excluded$5Uk
=ACF  \\$aBritish Library not licensed to copy$c0$e01-apr-2009$hC$iCLA Excluded$5Uk
=ACF  \\$aBritish Library not licensed to copy$c0$e01-jan-2009$hC$iCLA Excluded$5Uk
=ACF  \\$aBritish Library not licensed to copy$c0$e01-oct-2008$hC$iCLA Excluded$5Uk
=ACF  \\$aBritish Library not licensed to copy$c0$e01-jul-2008$hC$iCLA Excluded$5Uk
=ACF  \\$aBritish Library not licensed to copy$c0$e01-apr-2008$hC$iCLA Excluded$5Uk
=ACF  \\$aBritish Library not licensed to copy$c0$e01-jan-2008$hC$iCLA Excluded$5Uk
=ACF  \\$aBritish Library not licensed to copy$c0$e01-oct-2007$hC$iCLA Excluded$5Uk
=ACF  \\$aBritish Library not licensed to copy$c0$e01-jul-2007$hC$iCLA Excluded$5Uk
=ACF  \\$aBritish Library not licensed to copy$c0$e01-apr-2007$hC$iCLA Excluded$5Uk
=ACF  \\$aBritish Library not licensed to copy$c0$e01-jan-2007$hC$iCLA Excluded$5Uk
=ACF  \\$aBritish Library not licensed to copy$c0$e01-oct-2006$hC$iCLA Excluded$5Uk
=ACF  \\$aBritish Library not licensed to copy$c0$e01-jul-2006$hC$iCLA Excluded$5Uk
=ACF  \\$aBritish Library not licensed to copy$c0$e01-apr-2006$hC$iCLA Excluded$5Uk
=ACF  \\$aBritish Library not licensed to copy$c0$e01-jan-2006$hC$iCLA Excluded$5Uk
=ACF  \\$aBritish Library not licensed to copy$c0$e01-oct-2005$hC$iCLA Excluded$5Uk
=ACF  \\$aBritish Library not licensed to copy$c0$e01-jul-2005$hC$iCLA Excluded$5Uk
=ACF  \\$aBritish Library not licensed to copy$c0$e01-apr-2005$hC$iCLA Excluded$5Uk
=ACF  \\$aBritish Library not licensed to copy$c0$e01-jan-2005$hC$iCLA Excluded$5Uk
=ACF  \\$aBritish Library not licensed to copy$c0$e01-oct-2004$hC$iCLA Excluded$5Uk
=ACF  \\$aBritish Library not licensed to copy$c0$e24-may-2002$g0$hC$iCLA-excluded$5Uk
=ACF  \\$aBritish Library not licensed to copy$c0$e18-mar-1998$g0$iCLA-excluded$5Uk
=ACF  \\$aCurrent copyright fee: GBP2.30$c0$e01-apr-1997$fGBP2.30$g0$hC$5Uk
=ACF  \\$aPrevious Copyright Fee: GBP12.00$c0$e01-jul-2012$fGBP12.00$g0$hC$5Uk
=ACF  \\$aPrevious Copyright Fee: GBP12.00$c0$e01-oct-2012$fGBP12.00$g0$hC$5Uk
=CAT  \\$aCONV$b00$c20040425$lBLL90$h0848
=CAT  \\$aIPL-CLA$c20101231$lBLL01$h1305
=CAT  \\$aBATCH-CLA$b00$c20110228$lBLL01$h1542
=CAT  \\$aIPL-CLA$c20110331$lBLL01$h1438
=CAT  \\$aBATCH-CLA$b00$c20110531$lBLL01$h1637
=CAT  \\$aIPL-CLA$c20110630$lBLL01$h1519
=CAT  \\$aBATCH-CLA$b00$c20110831$lBLL01$h1746
=CAT  \\$aIPL-CLA$c20110930$lBLL01$h1519
=CAT  \\$aBATCH-CLA$b00$c20111130$lBLL01$h1205
=CAT  \\$aIPL-CLA$c20111230$lBLL01$h1806
=CAT  \\$a8124$b40$c20120222$lBLL01$h1202
=CAT  \\$a8124$b40$c20120222$lBLL01$h1205
=CAT  \\$aBATCH-CLA$b00$c20120229$lBLL01$h1640
=CAT  \\$aIPL-CLA$c20120330$lBLL01$h1406
=CAT  \\$aBATCH-CLA$b00$c20120531$lBLL01$h1720
=CAT  \\$aIPL-CLA$c20120629$lBLL01$h1002
=CAT  \\$aBATCH-CLA$b00$c20120831$lBLL01$h1549
=CAT  \\$aIPL-CLA$c20120930$lBLL01$h2024
=CAT  \\$aBATCH-CLA$b00$c20121104$lBLL01$h1004
=CAT  \\$aWR13.005$c20130323$lBLL01$h1236
=CAT  \\$aCDS15-UPD$b40$c20140630$lBLL01$h1053
=CAT  \\$aBATCH-CLA$b00$c20150227$lBLL01$h1631
=CAT  \\$aIPL-CLA$c20150331$lBLL01$h1621
=CAT  \\$aBATCH-CLA$b00$c20150828$lBLL01$h1542
=CAT  \\$aIPL-CLA$c20150930$lBLL01$h1748
=CAT  \\$a5110$b40$c20210422$lBLL01$h1041
=CFI  0\$aBritish Library not licensed to copy$c0$e01-oct-2015$hC$iCFP Excluded$5Uk
=CFI  2\$aPrevious Copyright Fee: GBP12.30$c0$e01-apr-2015$fGBP12.30$g0$hC$5Uk
=FIN  \\$aY
=FMT  \\$a  SE
=LAS  \\$a5110$b40$c20210422$lBLL01$h1041
=LEO  \\$aMP1.0002087749
=LEO  \\$aMP10.0000173722
=LEO  \\$aMP22.0000002644
=SRC  \\$aBLS01$bbibmp1.200404.2.ac
=SRC  \\$aDSS01$bbibmp10.200404.2.aa
=SRC  \\$aISN01$bbibmp22.200404.2.aa
=TCO  \\$aCLA$bCLA$c008

