=LDR  02646 as a2200661ui 4500
=001  009550243
=003  Uk
=005  20210317113559.0
=007  ta
=008  801118d19751991ru\mr\p\\\a\\\0\\\c0rus\\
=019  0\$as26910500x
=019  c\$a2006303
=022  0\$y0202-9197
=040  \\$aUk$cUk$dUk
=041  0\$arus$beng
=082  04$a616.99$223
=084  \\$aGT 60$2blsrissc
=245  00$aReferativnyĭ zhurnal. Onkologii︠a︡.
=260  \\$aMoskva :$bVINITI,$c1975-91.
=300  \\$c28cm.
=310  \\$aMonthly
=336  \\$atext$2rdacontent
=337  \\$aunmediated$2rdamedia
=338  \\$avolume$2rdacarrier
=540  \\$aBritish Library not licensed to copy$c0$5Uk
=546  \\$aContents lists in English.
=580  \\$aPart continuation of "Referativnyĭ zhurnal. Obshchie voprosy patologii. Onkologiíà", q.v. Continued as "Referativnyĭ zhurnal. Biologii︠a︡. Onkologii︠a︡", q.v.
=595  \\$aCONTD AS REFERATIVNYI 0142.106.
=650  \0$aTumors.
=710  2\$aVsesoi︠u︡znyĭ institut nauchnoĭ i tekhnicheskoĭ informat︠s︡ii.
=785  00$tReferativnyĭ zhurnal.Biologii︠a︡.Onkologii︠a︡
=852  71$aBritish Library$bSTI$k(A)$hGT 60$m-R(1)$2blsrissc$31975-1991
=886  2\$2blmarc$a092$b00$a0148.260000n
=886  2\$2blmarc$a029$b00$as408620005
=945  \\$aREFERATIVNYI ZHURNAL ONKOLOGIIA.
=979  \\$aBritish Library$bDSC$j0148.260000N
=985  \\$aCorrected by BSS-generated file for WR# 10/166
=985  \\$aISSN title history diverges from BL. X-ref from DSC SMK, but no DSC hol found
=AQN  \\$aX-REFS FROM REFERATIVNYI 0148.262 0148.263 AND 0148.264
=CAT  \\$aCONV$b00$c20040425$lBLL90$h0853
=CAT  \\$aCONV$b00$c20040502$lBLL01$h1329
=CAT  \\$aglobal_upd$b40$c20060417$lBLL01$h1713
=CAT  \\$aBATCH$b00$c20091209$lBLL01$h0439
=CAT  \\$aBATCH$b00$c20091214$lBLL01$h0522
=CAT  \\$aWR16120681$c20161221$lBLL01$h1802
=CAT  \\$a8124$b40$c20210317$lBLL01$h1133
=CAT  \\$a8124$b40$c20210317$lBLL01$h1135
=CFI  0\$aBritish Library not licensed to copy$c0$e07-sep-2011$hC$iTX$5Uk
=CFI  2\$aPrevious copyright fee: GBP10.50$c0$e01-jan-2011$fGBP10.50$g0$hA$5Uk
=FIN  \\$aY
=FMT  \\$a  SE
=LAS  \\$a8124$b40$c20210317$lBLL01$h1135
=LEO  \\$aMP10.0000015380
=LEO  \\$aMP25.0000107913
=SRC  \\$aDSS01$bbibmp10.200404.2.aa
=SRC  \\$aSRI01$bbibmp25.200404.2.aa
=SSD  \\$a50300{dollar}aPart continuation of "Referativnyĭ zhurnal. Obshchie voprosy patologii. Onkologiíà", q.v. Continued as "Referativnyĭ zhurnal. Biologii︠a︡. Onkologii︠a︡", q.v
=TCO  \\$aXXX$c008

