=LDR  07232cas a2201393u  4500
=001  009563369
=003  Uk
=005  20221231143722.0
=008  940531cuuuu9999xxuuu\p\\\\\\\0\\\a0eng\\
=019  c\$a2079689
=019  0\$as600444007
=022  0\$y8750-2836$y2154-8331
=040  \\$aUk$cUk$dUk
=082  04$a616.005$221
=084  \\$aHA 06$2blsrissc
=245  00$aHospital practice.
=260  \\$aNew York, N.Y. :$bHP Publishing,$c1994-
=300  \\$c28cm.
=310  \\$aMonthly
=336  \\$atext$2rdacontent
=337  \\$aunmediated$2rdamedia
=338  \\$avolume$2rdacarrier
=515  \\$aNo issues published between v. 36, no. 9 (Sept. 15, 2001) and v. 37, no. 1 (Dec. 2009).
=540  \\$aCurrent copyright fee: GBP46.00$c2\0$5Uk
=595  \\$aSEE ALSO CARD INDEX
=776  0\$tHospital practice (Online)$x2377-1003
=852  41$aBritish Library$bDSC$j4333.208300$3Vol. 1, no. 1 (1966)-v. 36, no. 9 (2001)***UKRR Retained Title***Stock Incomplete
=852  71$aBritish Library$bSTI$k(P)$hHA 06$m-E(1)$2blsrissc$31994- ; Vol.29- ; Deficient: vol.31, no.2, 3, 1996
=856  \\$31850-9999$uhttp://www.tandfonline.com/$xBLDSS
=945  \\$aHOSPITAL PRACTICE.
=957  \\$aP
=959  \\$fHeld but not currently received
=985  \\$aHad comment in 595 " CEASED PUBLICATION WITH VOL. 36(9), 2001"; replaced with 515; should have been new record in 1995 with merger of eds and new ISSN no. - hence {dollar}ys.
=A02  \\$a2079689
=ACF  \\$aPrevious Copyright Fee: GBP18.00$c0$e01-jan-2012$fGBP18.00$g0$hC$5Uk
=ACF  \\$aPrevious Copyright Fee: GBP18.00$c0$e01-oct-2011$fGBP18.00$g0$hC$5Uk
=ACF  \\$aPrevious Copyright Fee: GBP18.00$c0$e01-jul-2011$fGBP18.00$g0$hC$5Uk
=ACF  \\$aBritish Library not licensed to copy$c0$e01-apr-2011$hC$iCLA Excluded$5Uk
=ACF  \\$aBritish Library not licensed to copy$c0$e01-jan-2011$hC$iCLA Excluded$5Uk
=ACF  \\$aPrevious Copyright Fee: GBP21.60$c0$e01-oct-2010$fGBP21.60$g0$hC$5Uk
=ACF  \\$aBritish Library not licensed to copy$c0$e01-apr-2010$hC$iCLA Excluded$5Uk
=ACF  \\$aPrevious Copyright Fee: GBP21.60$c0$e01-Jan-2010$fGBP21.60$g0$hC$5Uk
=ACF  \\$aPrevious Copyright Fee: GBP21.60$c0$e01-oct-2009$fGBP21.60$g0$hC$5Uk
=ACF  \\$aPrevious Copyright Fee: GBP25.71$c0$e01-jul-2009$fGBP25.71$g0$hC$5Uk
=ACF  \\$aPrevious Copyright Fee: GBP1.71$c0$e01-apr-2009$fGBP1.71$g0$hC$5Uk
=ACF  \\$aPrevious Copyright Fee: GBP1.50$c0$e01-jan-2009$fGBP1.50$g0$hC$5Uk
=ACF  \\$aPrevious Copyright Fee: GBP1.20$c0$e01-oct-2008$fGBP1.20$g0$hC$5Uk
=ACF  \\$aPrevious Copyright Fee: GBP1.20$c0$e01-jul-2008$fGBP1.20$g0$hC$5Uk
=ACF  \\$aPrevious Copyright Fee: GBP1.20$c0$e01-apr-2008$fGBP1.20$g0$hC$5Uk
=ACF  \\$aPrevious Copyright Fee: GBP1.20$c0$e01-jan-2008$fGBP1.20$g0$hC$5Uk
=ACF  \\$aPrevious Copyright Fee: GBP1.20$c0$e01-oct-2007$fGBP1.20$g0$hC$5Uk
=ACF  \\$aPrevious Copyright Fee: GBP1.20$c0$e01-jul-2007$fGBP1.20$g0$hC$5Uk
=ACF  \\$aPrevious Copyright Fee: GBP1.23$c0$e01-apr-2007$fGBP1.23$g0$hC$5Uk
=ACF  \\$aPrevious Copyright Fee: GBP1.30$c0$e01-jan-2007$fGBP1.30$g0$hC$5Uk
=ACF  \\$aPrevious Copyright Fee: GBP1.30$c0$e01-oct-2006$fGBP1.30$g0$hC$5Uk
=ACF  \\$aPrevious Copyright Fee: GBP1.37$c0$e01-jul-2006$fGBP1.37$g0$hC$5Uk
=ACF  \\$aPrevious Copyright Fee: GBP1.61$c0$e01-apr-2006$fGBP1.61$g0$hC$5Uk
=ACF  \\$aPrevious Copyright Fee: GBP1.57$c0$e01-jan-2006$fGBP1.57$g0$hC$5Uk
=ACF  \\$aPrevious Copyright Fee: GBP1.52$c0$e01-oct-2005$fGBP1.52$g0$hC$5Uk
=ACF  \\$aPrevious Copyright Fee: GBP1.52$c0$e01-jul-2005$fGBP1.52$g0$hC$5Uk
=ACF  \\$aPrevious Copyright Fee: GBP1.52$c0$e01-apr-2005$fGBP1.52$g0$hC$5Uk
=ACF  \\$aPrevious Copyright Fee: GBP1.57$c0$e01-jan-2005$fGBP1.57$g0$hC$5Uk
=ACF  \\$aPrevious Copyright Fee: GBP1.52$c0$e01-oct-2004$fGBP1.52$g0$hC$5Uk
=ACF  \\$aPrevious copyright fee: GBP1.52$c0$e01-apr-2004$fGBP1.52$g0$hC$5Uk
=ACF  \\$aCurrent copyright fee: GBP1.66$c0$e01-jan-2004$fGBP1.66$g0$hC$5Uk
=ACF  \\$aCurrent copyright fee: GBP1.78$c0$e01-jan-2003$fGBP1.78$g0$hC$5Uk
=ACF  \\$aPrevious Copyright Fee: GBP19.35$c0$e01-apr-2012$fGBP19.35$g0$hC$5Uk
=ACF  \\$aPrevious Copyright Fee: GBP18.18$c0$e01-jul-2012$fGBP18.18$g0$hC$5Uk
=ACF  \\$aBritish Library not licensed to copy$c0$e01-jan-2013$hC$iCFP Excluded$5Uk
=ACF  \\$aBritish Library not licensed to copy$c0$e01-apr-2013$hC$iCFP Excluded$5Uk
=ACF  \\$aBritish Library not licensed to copy$c0$e01-jul-2013$hC$iCFP Excluded$5Uk
=ACF  \\$aBritish Library not licensed to copy$c0$e01-oct-2013$hC$iCFP Excluded$5Uk
=ACF  \\$aBritish Library not licensed to copy$c0$e01-jan-2014$hC$iCFP Excluded$5Uk
=ACF  \\$aBritish Library not licensed to copy$c0$e01-jul-2014$hC$iCFP Excluded$5Uk
=ACF  \\$aBritish Library not licensed to copy$c0$e01-apr-2014$hC$iCFP Excluded$5Uk
=ACF  \\$aPrevious copyright fee: GBP30.00$c2\0$e02-dec-2015$fGBP30.00$g0$hP$5Uk
=ACF  \\$aPrevious Copyright Fee: GBP34.00$c2\0$e01-jan-2016$fGBP34.00$g0$hP$5Uk
=ACF  \\$aPrevious copyright fee: GBP36.00$c2\0$e01-jan-2017$fGBP36.00$g0$hP$5Uk
=ACF  \\$aPrevious copyright fee: GBP38.00$c2\0$e01-jan-2018$fGBP38.00$g0$hP$5Uk
=ACF  \\$aPrevious copyright fee: GBP40.00$c2\0$e01-jan-2019$fGBP40.00$g0$hP$5Uk
=ACF  \\$aPrevious copyright fee: GBP42.00$c2\0$e01-jan-2020$fGBP42.00$g0$hP$5Uk
=CAT  \\$aCONV$b00$c20040425$lBLL90$h0857
=CAT  \\$aBATCH-CLA$b00$c20131129$lBLL01$h1657
=CAT  \\$aIPL-CLA$c20131231$lBLL01$h2019
=CAT  \\$aBATCH-CLA$b00$c20140228$lBLL01$h1617
=CAT  \\$aIPL-CLA$c20140331$lBLL01$h1619
=CAT  \\$aBATCH-CLA$b00$c20140530$lBLL01$h1713
=CAT  \\$aIPL-CLA$c20140630$lBLL01$h1703
=CAT  \\$a3072$b40$c20151116$lBLL01$h1612
=CAT  \\$a3072$b40$c20151117$lBLL01$h1241
=CAT  \\$a5552$b40$c20151202$lBLL01$h1032
=CAT  \\$aBLDSS-3PM$b00$c20151208$lBLL01$h0903
=CAT  \\$aIPL-CLA$c20151231$lBLL01$h1910
=CAT  \\$aBATCH-UPD$b00$c20160923$lBLL01$h1942
=CAT  \\$aBATCH-UPD$b00$c20161122$lBLL01$h1459
=CAT  \\$aIPL-CLA$c20161230$lBLL01$h1908
=CAT  \\$aBATCH-UPD$b00$c20171121$lBLL01$h1639
=CAT  \\$aIPL-CLA$c20171231$lBLL01$h1442
=CAT  \\$aBATCH-UPD$b00$c20181217$lBLL01$h1647
=CAT  \\$aIPL-CLA$c20181231$lBLL01$h1535
=CAT  \\$aBATCH-UPD$b00$c20191122$lBLL01$h1909
=CAT  \\$aIPL-CLA$c20191231$lBLL01$h1802
=CAT  \\$aBATCH-UPD$b00$c20201118$lBLL01$h1344
=CAT  \\$aIPL-CLA$c20201231$lBLL01$h1522
=CAT  \\$a8874$b40$c20220706$lBLL01$h1316
=CAT  \\$aBATCH-UPD$b40$c20221121$lBLL01$h1334
=CAT  \\$aIPL-CLA$c20221231$lBLL01$h1437
=CFI  0\$aCurrent copyright fee: GBP46.00$c2\0$e01-jan-2023$fGBP46.00$g0$hP$5Uk
=CFI  2\$aPrevious copyright fee: GBP44.00$c2\0$e01-jan-2021$fGBP44.00$g0$hP$5Uk
=FFP  \\$aY$bBLDSS-3PM
=FIN  \\$aY
=FMT  \\$a  SE
=LAS  \\$aIPL-CLA$b00$c20221231$lBLL01$h1437
=LEO  \\$aMP10.0000269882
=LEO  \\$aMP25.0000291494
=SRC  \\$aDSS01$bbibmp10.200404.2.aa
=SRC  \\$aSRI01$bbibmp25.200404.2.aa
=TCO  \\$aTRS$bCCC$c008
=TOC  \\$aETOC

