=LDR  04151cai a2200961 a 4500
=001  009564706
=003  Uk
=005  20230210005000.0
=006  smr\l\\\\\\\0\\\a2
=007  td
=008  940927c19929999enkmr\\\\\\\\\0\\\a2eng\\
=019  0\$as603213006
=022  0\$a1352-4402$y1357-4140
=040  \\$aUk$beng$cUk$dUk
=042  \\$aukblsr
=082  04$a338.47681761$222
=084  \\$aH 40$2blsrissc
=084  \\$aAA 683$2blsrissc
=222  \0$aMedical device companies analysis
=245  00$aMedical device companies analysis :$bMDCA.
=246  3\$aMDCA
=260  \\$a[Chichester] :$bMDIS Publications,$c[1992?]-
=260  3\$aChichester :$bESPICOM Business Intelligence
=300  \\$av. (loose-leaf) ;$c32 cm.
=310  \\$aUpdated monthly
=336  \\$atext$2rdacontent
=337  \\$aunmediated$2rdamedia
=338  \\$avolume$2rdacarrier
=500  \\$aIncludes league tables and owner/subsidiaries indexes.
=540  \\$aCurrent Copyright Fee: GBP25.00$c0$5Uk
=650  \0$aMedical instruments and apparatus industry$xFinance$vStatistics.
=650  \0$aMedical instruments and apparatus industry
=690  7\$aManagement and Business Studies$2blcoll
=852  11$aBritish Library$bSTI$cBIPC$k(B) MKT$h338.47681761$mBusiness$3Jul.(1994)- (Mar.2013) Index***Title now taken as electronic copy
=852  71$aBritish Library$bSTI$cRES$k(XB)$hH 40$2blsrissc$3Superseded pages
=985  \\$aDo not merge with ISSN record on #013609363
=ACF  \\$aPrevious Copyright Fee: GBP12.00$c0$e01-apr-2012$fGBP12.00$g0$hC$5Uk
=ACF  \\$aPrevious Copyright Fee: GBP12.00$c0$e01-jan-2012$fGBP12.00$g0$hC$5Uk
=ACF  \\$aPrevious Copyright Fee: GBP10.50$c0$e01-oct-2011$fGBP10.50$g0$hC$5Uk
=ACF  \\$aPrevious Copyright Fee: GBP10.50$c0$e01-jul-2011$fGBP10.50$g0$hC$5Uk
=ACF  \\$aPrevious Copyright Fee: GBP12.00$c0$e01-jul-2012$fGBP12.00$g0$hC$5Uk
=ACF  \\$aPrevious Copyright Fee: GBP12.00$c0$e01-oct-2012$fGBP12.00$g0$hC$5Uk
=ACF  \\$aPrevious Copyright Fee: GBP12.30$c0$e01-jan-2014$fGBP12.30$g0$hC$5Uk
=ACF  \\$aPrevious Copyright Fee: GBP100.00$c0$e01-oct-2014$fGBP100.00$g0$hC$5Uk
=ACF  \\$aPrevious Copyright Fee: GBP17.50$c0$e01-oct-2019$fGBP17.50$g0$hC$5Uk
=ACF  \\$aPrevious Copyright Fee: GBP20.00$c0$e01-jan-2020$fGBP20.00$g0$hC$5Uk
=ACF  \\$aPrevious Copyright Fee: GBP22.50$c0$e01-jan-2021$fGBP22.50$g0$hC$5Uk
=CAT  \\$aCONV$b00$c20040425$lBLL90$h0858
=CAT  \\$aBATCH-CLA$b00$c20110531$lBLL01$h1650
=CAT  \\$aIPL-CLA$c20110630$lBLL01$h1520
=CAT  \\$aBATCH-CLA$b00$c20110831$lBLL01$h1804
=CAT  \\$aIPL-CLA$c20110930$lBLL01$h1520
=CAT  \\$aBATCH-CLA$b00$c20111130$lBLL01$h1223
=CAT  \\$aIPL-CLA$c20111230$lBLL01$h1807
=CAT  \\$aBATCH-CLA$b00$c20120229$lBLL01$h1631
=CAT  \\$aIPL-CLA$c20120330$lBLL01$h1407
=CAT  \\$aBATCH-CLA$b00$c20120531$lBLL01$h1719
=CAT  \\$aIPL-CLA$c20120629$lBLL01$h1004
=CAT  \\$aBATCH-CLA$b00$c20120831$lBLL01$h1547
=CAT  \\$aIPL-CLA$c20120930$lBLL01$h2026
=CAT  \\$aBATCH-CLA$b00$c20121104$lBLL01$h1003
=CAT  \\$aBATCH-CLA$b00$c20131129$lBLL01$h1701
=CAT  \\$aIPL-CLA$c20131231$lBLL01$h2020
=CAT  \\$aBATCH-CLA$b00$c20140829$lBLL01$h1546
=CAT  \\$aIPL-CLA$c20140930$lBLL01$h1631
=CAT  \\$aBATCH-CLA$b00$c20190909$lBLL01$h1720
=CAT  \\$aIPL-CLA$c20190930$lBLL01$h1630
=CAT  \\$aBATCH-CLA$b00$c20191129$lBLL01$h1630
=CAT  \\$aIPL-CLA$c20191231$lBLL01$h1802
=CAT  \\$aBATCH-CLA$b00$c20201126$lBLL01$h1421
=CAT  \\$aIPL-CLA$c20201231$lBLL01$h2005
=CAT  \\$aBATCH-CLA$b00$c20221130$lBLL01$h1457
=CAT  \\$aIPL-CLA$c20221231$lBLL01$h1918
=CAT  \\$aBATCH-CLA$b00$c20230209$lBLL01$h1543
=CAT  \\$aIPL-CLA$c20230210$lBLL01$h0050
=CFI  0\$aCurrent Copyright Fee: GBP25.00$c0$e09-feb-2023$fGBP25.00$g0$hC$5Uk
=CFI  2\$aBritish Library not licensed to copy$c0$e01-jan-2023$hC$iCFP Excluded$5Uk
=FIN  \\$aY
=FMT  \\$a  SE
=LAS  \\$aIPL-CLA$b00$c20230210$lBLL01$h0050
=LEO  \\$aMP25.0000294265
=SRC  \\$aSRI01$bbibmp25.200404.2.aa
=TCO  \\$aCLA$bCLA$c008

