=LDR  05058cai a2201177 a 4500
=001  009732991
=003  Uk
=005  20221231192040.0
=006  aa\\\|||||||||||||
=007  td
=008  970513d199520uuenkmr\l\\f\\\\0\\\a2eng\\
=015  \\$aGB9728908$2bnb
=019  y\$ab9728908
=019  9\$ab9728908
=019  c\$a2558854
=020  \\$c£595.00 per year (loose-leaf)
=039  0\$a2436
=040  \\$aUk$beng$cUk$dUk
=042  \\$aukblsr
=082  04$a338.4761519$221
=245  00$a4D pharma :$bpipeline, products, performance, potential.
=246  13$aPCA,$f-Feb. 2007
=247  10$aPharmaceutical companies analysis,$f-Feb. 2007$x1359-625X
=250  \\$a[New ed.]
=260  \\$aChichester (MDIS House, Chichester, W. Sussex PO20 6FS) :$bMDIS,$c1995-
=260  3\$aChichester :$bEspicom Business Intelligence
=300  \\$av. :$bill. ;$c32cm.
=310  \\$aUpdated monthly
=336  \\$atext$2rdacontent
=337  \\$aunmediated$2rdamedia
=338  \\$avolume$2rdacarrier
=500  \\$aPrevious editions catalogued as monographs.
=500  \\$aGradual replacement edition from Apr. 2007.
=530  \\$aAlso issued on CD-ROM <-2006?>, in PDF by email and online.
=540  \\$aCurrent Copyright Fee: GBP25.00$c0$5Uk
=595  \\$aSEE ALSO CARD INDEX.
=650  \0$aPharmaceutical industry$vDirectories.
=650  \0$aPharmaceutical industry$vStatistics$vHandbooks, manuals, etc.
=690  7\$aManagement and Business Studies$2blcoll
=710  2\$aEspicom Business Intelligence.
=710  2\$aMDIS Limited.
=776  0\$tPharmaceutical companies analysis$c(Online)$x1473-1509
=852  71$aBritish Library$bSTI$cRES$k(XB)$hLW 680$3Earlier issues
=852  11$aBritish Library$bSTI$k(B) MKT$h338.4761519$mBusiness
=852  11$aBritish Library$bSTI$cBIPC$k(B) MKT$h338.4761519$mBusiness$32007-Nov. (2010)
=852  41$aBritish Library$bSTI$j(P)HD23-E(2)$3No. 1 (1996)-
=886  2\$2blmarc$a092$b00$a6443.605000n
=945  \\$aPHARMACEUTICAL COMPANIES ANALYSIS.
=979  \\$aBritish Library$bDSC$j6443.605000N$xNot selected
=985  \\$aMerged & converted to integrating resource record using Apr 2007 update at start of phased edition/title change. Name changed from Apr 07, so ISSN record separated from main record as title no longer current 6/11/09 CS
=A02  \\$a2558854
=ACF  \\$aPrevious Copyright Fee: GBP6.00$c0$e01-oct-2009$fGBP6.00$g0$hC$5Uk
=ACF  \\$aPrevious Copyright Fee: GBP6.00$c0$e01-jan-2008$fGBP6.00$g0$hC$5Uk
=ACF  \\$aPrevious copyright fee: GBP5.00$c0$e01-jul-2002$fGBP5.00$g0$hC$5Uk
=ACF  \\$aCurrent copyright fee: GBP4.40$c0$e09-nov-1998$fGBP4.40$g0$hA$5Uk
=ACF  \\$aPrevious copyright fee: GBP10.50$c0$e01-jan-2011$fGBP10.50$g0$hA$5Uk
=ACF  \\$aPrevious copyright fee: GBP12.00$c0$e01-jan-2012$fGBP12.00$g0$hA$5Uk
=ACF  \\$aPrevious Copyright Fee: GBP12.30$c0$e01-jan-2014$fGBP12.30$g0$hA$5Uk
=ACF  \\$aPrevious Copyright Fee: GBP15.00$c0$e01-jan-2017$fGBP15.00$g0$hA$5Uk
=ACF  \\$aPrevious Copyright Fee: GBP17.50$c0$e01-jan-2018$fGBP17.50$g0$hA$5Uk
=ACF  \\$aPrevious Copyright Fee: GBP20.00$c0$e01-jan-2020$fGBP20.00$g0$hA$5Uk
=CAT  \\$aWR09-126
=CAT  \\$a8124$b40$c20091106$lBLL01$h1329
=CAT  \\$aBATCH$b00$c20091209$lBLL01$h2245
=CAT  \\$aBATCH$b00$c20091214$lBLL01$h0533
=CAT  \\$aBATCH$b00$c20091216$lBLL01$h0129
=CAT  \\$aBATCH-UPD$b00$c20101201$lBLL01$h1224
=CAT  \\$aIPL-CLA$c20101231$lBLL01$h1306
=CAT  \\$a8124$b40$c20110208$lBLL01$h1409
=CAT  \\$aWR11_203$c20111204$lBLL01$h1343
=CAT  \\$aIPL-CLA$c20111230$lBLL01$h1807
=CAT  \\$aBATCH-CLA$b00$c20121104$lBLL01$h1002
=CAT  \\$a7778$b40$c20130123$lBLL01$h1133
=CAT  \\$aWR13.005$c20130323$lBLL01$h1325
=CAT  \\$aBATCH-CLA$c20131217$lBLL01$h1826
=CAT  \\$aIPL-CLA$c20131231$lBLL01$h2022
=CAT  \\$aBATCH-CLA$b00$c20161222$lBLL01$h1721
=CAT  \\$aIPL-CLA$c20161230$lBLL01$h1910
=CAT  \\$aBATCH-CLA$b00$c20171222$lBLL01$h2021
=CAT  \\$aIPL-CLA$c20171231$lBLL01$h1443
=CAT  \\$aBATCH-CLA$b00$c20191219$lBLL01$h1646
=CAT  \\$aIPL-CLA$c20191231$lBLL01$h1803
=CAT  \\$aR2001-1524$c20200127$lBLL01$h1937
=CAT  \\$aBATCH-CLA$b00$c20201204$lBLL01$h1443
=CAT  \\$aIPL-CLA$c20201231$lBLL01$h2007
=CAT  \\$aBATCH-CLA$b00$c20221221$lBLL01$h1749
=CAT  \\$aIPL-CLA$c20221231$lBLL01$h1920
=CFI  0\$aCurrent Copyright Fee: GBP25.00$c0$e01-jan-2023$fGBP25.00$g0$hA$5Uk
=CFI  2\$aPrevious Copyright Fee: GBP22.50$c0$e01-jan-2021$fGBP22.50$g0$hA$5Uk
=FIN  \\$aY
=FMT  \\$a  SE
=LAS  \\$aIPL-CLA$b00$c20221231$lBLL01$h1920
=LEO  \\$aMP5.0000841266
=LEO  \\$aMP10.0000437326
=LEO  \\$aMP22.0000047558
=LET  \0$a4D Pharma (Latest fully reviewed company's year end report please)
=SRC  \\$aDSS03$bbibsr.200404.2.aa
=SRC  \\$aBNB03$bbibmp5.200404.2.ab
=SRC  \\$aDSS01$bbibmp10.200404.2.aa
=SRC  \\$aISN01$bbibmp22.200404.2.aa
=TCO  \\$aCLA$bCLA$c008

