=LDR  03968cas a22009373  4500
=001  009825646
=003  Uk
=005  20221231192158.0
=007  h||||||||||||
=008  040409d18421854enkmr\p\\\\\\\0\\\a0eng\\
=015  \\$aGBB968723$2bnb
=019  c\$a2016045
=022  0\$a2043-1082$202
=040  \\$aUk$cUk$dUk
=082  04$a820.8$223
=222  \0$aAinsworth's magazine
=245  00$aAinsworth's magazine :$ba miscellany of romance, general literature and art.
=264  \1$aLondon :$bH. Cunningham,$c1842-1854.
=264  31$aLondon :$bChapman and Hall
=300  \\$billustrations (black and white) ;$c23 cm
=310  \\$aMonthly
=336  \\$atext$2rdacontent
=337  \\$aunmediated$2rdamedia
=338  \\$avolume$2rdacarrier
=340  \\$m8vo$2rdabf
=362  1\$aVol. 1-v. 26.
=540  \\$aCurrent Copyright Fee: GBP25.00$c0$5Uk
=650  \0$aEnglish literature$y19th century$vPeriodicals.
=852  41$aBritish Library$bHMNTS$jPP.5986$3VOL. 1, 1842- 26, 1854 *A=1
=852  \\$aBritish Library$bDSC$j0773.420000$3Vol. 1 (1842)-v. 16 (1849)***Stock incomplete. Deficient: Vol. 8 (1845); v. 14 (1848)***UKRR Retained Title
=945  \\$aAinsworth's magazine
=959  \\$fHeld but not currently received
=963  \\$aVOL. 1, 1842- 26, 1954 *A=1$bN$cT900.C.7
=985  \\$aISSN assigned retrospectively as part of 'British Periodicals' archive assignments - Dec. 2009.
=985  \\$aCorrected by MS generated file for WR# 1805-0738
=A02  \\$a2016045
=ACF  \\$aPrevious copyright fee: GBP9.00$c0$e01-apr-2010$fGBP9.00$g0$hA$5Uk
=ACF  \\$aPrevious copyright fee: GBP6.00$c0$e01-apr-2008$fGBP6.00$g0$hA$5Uk
=ACF  \\$aPrevious copyright fee: GBP5.00$c0$e01-oct-2002$fGBP5.00$g0$hA$5Uk
=ACF  \\$aPrevious copyright fee: GBP10.50$c0$e01-jan-2011$fGBP10.50$g0$hA$5Uk
=ACF  \\$aPrevious copyright fee: GBP12.00$c0$e01-jan-2012$fGBP12.00$g0$hA$5Uk
=ACF  \\$aPrevious Copyright Fee: GBP12.30$c0$e01-jan-2014$fGBP12.30$g0$hA$5Uk
=ACF  \\$aPrevious Copyright Fee: GBP15.00$c0$e01-jan-2017$fGBP15.00$g0$hA$5Uk
=ACF  \\$aPrevious Copyright Fee: GBP17.50$c0$e01-jan-2018$fGBP17.50$g0$hA$5Uk
=ACF  \\$aPrevious Copyright Fee: GBP20.00$c0$e01-jan-2020$fGBP20.00$g0$hA$5Uk
=CAT  \\$aCONV$b00$c20040425$lBLL90$h0658
=CAT  \\$aBATCH-UPD$b00$c20100401$lBLL01$h0119
=CAT  \\$aBATCH$b00$c20100401$lBLL01$h0423
=CAT  \\$aBATCH$b00$c20100401$lBLL01$h1439
=CAT  \\$aBATCH-UPD$b00$c20101124$lBLL01$h1820
=CAT  \\$aBATCH-UPD$b00$c20101125$lBLL01$h1040
=CAT  \\$aIPL-CLA$c20101231$lBLL01$h1307
=CAT  \\$a10_149CORR$c20110119$lBLL01$h1402
=CAT  \\$aWR11_203$c20111204$lBLL01$h1343
=CAT  \\$aIPL-CLA$c20111230$lBLL01$h1808
=CAT  \\$aBATCH-CLA$b00$c20121104$lBLL01$h1002
=CAT  \\$aWR13.005$c20130323$lBLL01$h1339
=CAT  \\$aBATCH-CLA$c20131217$lBLL01$h1826
=CAT  \\$aIPL-CLA$c20131231$lBLL01$h2023
=CAT  \\$aBATCH-CLA$b00$c20161222$lBLL01$h1721
=CAT  \\$aIPL-CLA$c20161230$lBLL01$h1911
=CAT  \\$aBATCH-CLA$b00$c20171222$lBLL01$h2022
=CAT  \\$aIPL-CLA$c20171231$lBLL01$h1444
=CAT  \\$a5997$b40$c20190409$lBLL01$h0831
=CAT  \\$aBATCH-CLA$b00$c20191219$lBLL01$h1646
=CAT  \\$aIPL-CLA$c20191231$lBLL01$h1803
=CAT  \\$aR2001-1524$c20200127$lBLL01$h1937
=CAT  \\$aBATCH-CLA$b00$c20201204$lBLL01$h1443
=CAT  \\$aIPL-CLA$c20201231$lBLL01$h2007
=CAT  \\$aBATCH-CLA$b00$c20221221$lBLL01$h1749
=CAT  \\$aIPL-CLA$c20221231$lBLL01$h1921
=CFI  0\$aCurrent Copyright Fee: GBP25.00$c0$e01-jan-2023$fGBP25.00$g0$hA$5Uk
=CFI  2\$aPrevious Copyright Fee: GBP22.50$c0$e01-jan-2021$fGBP22.50$g0$hA$5Uk
=FIN  \\$aY$d20190409
=FMT  \\$a  SE
=LAS  \\$aIPL-CLA$b00$c20221231$lBLL01$h1921
=LEO  \\$aMP10.0000039428
=LEO  \\$aMP1.0003024672
=SRC  \\$aDSS01$bbibmp10.200404.2.aa
=SRC  \\$aBLS01$bbibmp1.200404.2.ad
=TCO  \\$aZZZ$c008

