=LDR  05442cas a2201237 a 4500
=001  009829324
=003  Uk
=005  20221231143735.0
=007  ta
=008  030206c19689999xxuqx\p\\\\\\\0\\\a0eng\\
=015  \\$aGBA313663$2bnb
=019  c\$a2017319
=019  y\$abA313663
=019  9\$abA313663
=019  1\$abA313663
=022  \\$a0002-9092
=039  0\$a2729
=040  \\$aUk$cUk$dUk
=082  04$a338.105$221
=210  0\$aAm. j. agric. econ.
=222  \0$aAmerican journal of agricultural economics
=245  00$aAmerican journal of agricultural economics.
=246  17$aAmer. j. agr. econ.
=260  \\$aSt. Paul, Minn. :$bAmerican Agricultural Economics Association,$c1968-
=260  2\$aMalden, Mass. ;$aOxford :$bBlackwell,$c1968-
=264  31$aCary, NC :$bOxford University Press
=300  \\$billustrations (black and white), maps (black and white) ;$c26 cm
=310  \\$aFive issues yearly
=336  \\$atext$2rdacontent
=337  \\$aunmediated$2rdamedia
=338  \\$avolume$2rdacarrier
=362  0\$aVol. 50 (Feb. 1968)-
=540  \\$aCurrent Copyright Fee: GBP39.00$c35\0$5Uk
=550  \\$aPublished on behalf of: American Agricultural Economics Association.
=588  \\$aDescription based on: Vol. 84, no. 3 (Aug. 2002).
=588  \\$aLatest issue consulted: volume 96, number 3 (April 2014).
=595  \\$aFORMERLY 4983.80.
=650  \0$aAgriculture$xEconomic aspects$vPeriodicals.
=650  \0$aAgriculture$vPeriodicals.
=690  7\$aManagement and Business Studies$2blcoll
=710  2\$aAmerican Agricultural Economics Association.
=776  08$iAlso issued on CD-ROM as:$tAmerican journal of agricultural economics (CD-ROM)$x1091-4234
=776  08$iAlso issued online as:$tAmerican journal of agricultural economics (Online)$x1467-8276
=780  00$tJournal of farm economics$x1071-1031
=852  41$aBritish Library$bDSC$j0820.950000$3Vol. 50, no. 1 (1968)-v. 91, no. 5 (2009)***UKRR Retained Title
=852  41$aBritish Library$bHMNTS$jZC.9.a.6731$3Vol. 50 (Feb. 1968); v. 93, no. 1 (Jan. 2011)-v. 95 , no. 5 (20113)***Title now taken as electronic copy
=856  \\$31850-9999$uhttp://ukcatalogue.oup.com/$xBLDSS
=945  \\$aAmerican journal of agricultural economics
=959  \\$fHeld but not currently received
=963  \\$aVOL. 50, 1968- 56(1), 1974 *A=1; 82, 2000- *A=1$bY$cL221.C.170
=985  \\$aRecord merged by SUNCAT team
=985  \\$aISSN transfer to U.S. pending (Richard, 03/11/20)
=ACF  \\$aPrevious copyright fee: GBP15.00$c10\0$e01-apr-2004$fGBP15.00$g0$hP$5Uk
=ACF  \\$aCurrent copyright fee: GBP13.00$c10\0$e01-apr-2003$fGBP13.00$g0$hP$5Uk
=ACF  \\$aCurrent copyright fee: GBP13.00$c10\6$e01-apr-2002$fGBP13.00$g0$hP$5Uk
=ACF  \\$aCurrent copyright fee: GBP22.00$c10\0$e01-jan-2006$fGBP22.00$g0$hP$5Uk
=ACF  \\$aPrevious copyright fee: GBP18.00$c29\0$e29-may-2010$fGBP18.00$g0$hP$5Uk
=ACF  \\$aPrevious copyright fee: GBP20.00$c29\0$e01-jan-2013$fGBP20.00$g0$hP$5Uk
=ACF  \\$aPrevious copyright fee: GBP23.00$c29\0$e01-jan-2015$fGBP23.00$g0$hP$5Uk
=ACF  \\$aPrevious copyright fee: GBP24.00$c29\0$e01-jan-2016$fGBP24.00$g0$hP$5Uk
=ACF  \\$aPrevious copyright fee: GBP26.00$c29\0$e01-jan-2017$fGBP26.00$g0$hP$5Uk
=ACF  \\$aPrevious copyright fee: GBP27.00$c29\0$e01-jan-2018$fGBP27.00$g0$hP$5Uk
=ACF  \\$aPrevious copyright fee: GBP28.00$c29\0$e01-jan-2019$fGBP28.00$g0$hP$5Uk
=CAT  \\$aCONV$b00$c20040425$lBLL90$h0658
=CAT  \\$aIPL-CLA$c20121231$lBLL01$h1252
=CAT  \\$aIPL-CLA$c20130102$lBLL01$h1657
=CAT  \\$aWR13.005$c20130323$lBLL01$h1341
=CAT  \\$a5997$b40$c20140116$lBLL01$h1126
=CAT  \\$a8323$b40$c20140728$lBLL01$h1527
=CAT  \\$aBATCH-UPD$b40$c20141124$lBLL01$h1809
=CAT  \\$aBLDSS-3PM$b00$c20141208$lBLL01$h1623
=CAT  \\$aIPL-CLA$c20141231$lBLL01$h1644
=CAT  \\$aBATCH-UPD$b00$c20151119$lBLL01$h1550
=CAT  \\$aIPL-CLA$c20151231$lBLL01$h1911
=CAT  \\$aBATCH-UPD$b00$c20160413$lBLL01$h1807
=CAT  \\$aBATCH-UPD$b00$c20160524$lBLL01$h2207
=CAT  \\$aBATCH-UPD$b00$c20160524$lBLL01$h2357
=CAT  \\$aBATCH-UPD$b00$c20161122$lBLL01$h1520
=CAT  \\$aIPL-CLA$c20161230$lBLL01$h1912
=CAT  \\$aBATCH-UPD$b00$c20171121$lBLL01$h1702
=CAT  \\$aIPL-CLA$c20171231$lBLL01$h1445
=CAT  \\$aBATCH-UPD$b00$c20181217$lBLL01$h1651
=CAT  \\$aIPL-CLA$c20181231$lBLL01$h1535
=CAT  \\$a5552$b40$c20191204$lBLL01$h0938
=CAT  \\$aIPL-CLA$c20191231$lBLL01$h1804
=CAT  \\$a10806$b40$c20201103$lBLL01$h1356
=CAT  \\$a10806$b40$c20201103$lBLL01$h1357
=CAT  \\$a8055$b40$c20221228$lBLL01$h1049
=CAT  \\$aIPL-CLA$c20221231$lBLL01$h1437
=CFI  0\$aCurrent Copyright Fee: GBP39.00$c35\0$e01-jan-2023$fGBP39.00$g0$hP$5Uk
=CFI  2\$aPrevious Copyright Fee: GBP32.00$c35\0$e01-jan-2020$fGBP32.00$g0$hP$5Uk
=EST  \\$a2
=FFP  \\$aY$bBLDSS-3PM
=FIN  \\$aY
=FMT  \\$a  SE
=LAS  \\$aIPL-CLA$b00$c20221231$lBLL01$h1437
=LEO  \\$aMP5.0000018676
=LEO  \\$aMP13.0000235976
=LEO  \\$aMP10.0000044490
=LKR  \\$aPAR$b010489564$lBLL01$r78000$mAmerican journal of agricultural economics$nJournal of farm economics
=SRC  \\$aBNB03$bbibmp5.200404.2.aa
=SRC  \\$aHSS01$bbibmp13.200404.2.aa
=SRC  \\$aDSS01$bbibmp10.200404.2.aa
=TCO  \\$aTRS$bCCC$c008
=TOC  \\$aETOC
=UNO  \\$aY

