=LDR  08379cas a2201513 a 4500
=001  009829407
=003  Uk
=005  20230209233300.0
=007  ta
=008  040409c19079999xxuqr\p\\\\\\\0\\\a0eng\\
=019  c\$a2017371
=022  0\$a0002-9300
=040  \\$aUk$cUk$dUk
=082  04$a341.05
=210  0\$aAm. j. int. law
=222  \0$aAmerican journal of international law
=245  04$aThe American journal of international law.
=260  \\$a[Washington, D.C.] :$bAmerican Society of International Law [etc.]
=300  \\$av. ;$c26 cm.
=310  \\$aQuarterly
=336  \\$atext$2rdacontent
=337  \\$aunmediated$2rdamedia
=338  \\$avolume$2rdacarrier
=362  0\$av. 1- Jan. 1907-
=500  \\$aPublished: New York : Baker, Voorhis & Co. for the American Society of International Law, 1907-1916; New York : Oxford University Press, 1917-1921; New York : Cambridge University Press, 2017-
=540  \\$aCurrent Copyright Fee: GBP22.50$c0$5Uk
=555  \\$aIncludes the cumulative Analytical index to the American journal of international law and supplements, and the proceedings of the American Society of International Law: v. 1-14, 1907-20; v. 15-34, 1921-40; v. 35-54, 1941-60; v. 55- 1961-70.
=580  \\$aVols. for 1970-1973 include: American Society of International Law. Meeting. Proceedings, 64th-67th, previously published separately; with the 68th, resumed being published separately.
=595  \\$aSEE ALSO SERIAL RECORDS ULASP KCS LAW AND LULS.
=650  \0$aInternational law$vPeriodicals.
=650  \0$aInternational relations$vPeriodicals.
=710  2\$aAmerican Society of International Law.
=770  0\$tSupplement to the American journal of international law
=776  08$iAlso issued online as:$tAmerican journal of international law$x2161-7953
=777  1\$tProceedings of the American Society of International Law at its annual meeting$x0272-5045
=787  0\$tAJIL unbound$x2398-7723
=852  41$aBritish Library$bHMNTS$jAc.2188.$3Vol. 1 (Jan. 1907)-v. 90, no. 4 (1996)***UKRR Retained Title
=852  41$aBritish Library$bDSC$j0826.800000$3Vol. 12, no. 2 (1918)-***UKRR Retained Title***Stock Incomplete
=945  \\$aAmerican journal of international law
=959  \\$fCurrently received
=963  \\$aVOL. 1, 1907- *A=1$bY$cP214.B.16
=985  \\$aISSN UK Centre note: Due to be published by CUP, 2017-. Email from CUP, July 1 2016.
=A02  \\$a2017371
=ACF  \\$aPrevious Copyright Fee: GBP7.74$c0$e01-apr-2012$fGBP7.74$g0$hC$5Uk
=ACF  \\$aPrevious Copyright Fee: GBP7.20$c0$e01-jan-2012$fGBP7.20$g0$hC$5Uk
=ACF  \\$aPrevious Copyright Fee: GBP7.20$c0$e01-oct-2011$fGBP7.20$g0$hC$5Uk
=ACF  \\$aPrevious Copyright Fee: GBP7.20$c0$e01-jul-2011$fGBP7.20$g0$hC$5Uk
=ACF  \\$aPrevious Copyright Fee: GBP7.20$c0$e01-jan-2011$fGBP7.20$g0$hC$5Uk
=ACF  \\$aPrevious Copyright Fee: GBP7.20$c0$e01-oct-2010$fGBP7.20$g0$hC$5Uk
=ACF  \\$aPrevious Copyright Fee: GBP7.20$c0$e01-jul-2010$fGBP7.20$g0$hC$5Uk
=ACF  \\$aPrevious Copyright Fee: GBP7.20$c0$e01-apr-2010$fGBP7.20$g0$hC$5Uk
=ACF  \\$aPrevious Copyright Fee: GBP7.20$c0$e01-Jan-2010$fGBP7.20$g0$hC$5Uk
=ACF  \\$aPrevious Copyright Fee: GBP7.20$c0$e01-oct-2009$fGBP7.20$g0$hC$5Uk
=ACF  \\$aPrevious Copyright Fee: GBP8.57$c0$e01-jul-2009$fGBP8.57$g0$hC$5Uk
=ACF  \\$aPrevious Copyright Fee: GBP8.57$c0$e01-apr-2009$fGBP8.57$g0$hC$5Uk
=ACF  \\$aPrevious Copyright Fee: GBP7.50$c0$e01-jan-2009$fGBP7.50$g0$hC$5Uk
=ACF  \\$aPrevious Copyright Fee: GBP6.00$c0$e01-oct-2008$fGBP6.00$g0$hC$5Uk
=ACF  \\$aPrevious Copyright Fee: GBP6.00$c0$e01-jul-2008$fGBP6.00$g0$hC$5Uk
=ACF  \\$aPrevious Copyright Fee: GBP6.00$c0$e01-apr-2008$fGBP6.00$g0$hC$5Uk
=ACF  \\$aPrevious Copyright Fee: GBP6.00$c0$e01-jan-2008$fGBP6.00$g0$hC$5Uk
=ACF  \\$aPrevious Copyright Fee: GBP6.00$c0$e01-oct-2007$fGBP6.00$g0$hC$5Uk
=ACF  \\$aPrevious Copyright Fee: GBP6.00$c0$e01-jul-2007$fGBP6.00$g0$hC$5Uk
=ACF  \\$aPrevious Copyright Fee: GBP6.15$c0$e01-apr-2007$fGBP6.15$g0$hC$5Uk
=ACF  \\$aPrevious Copyright Fee: GBP6.49$c0$e01-jan-2007$fGBP6.49$g0$hC$5Uk
=ACF  \\$aPrevious Copyright Fee: GBP6.49$c0$e01-oct-2006$fGBP6.49$g0$hC$5Uk
=ACF  \\$aPrevious Copyright Fee: GBP6.86$c0$e01-jul-2006$fGBP6.86$g0$hC$5Uk
=ACF  \\$aPrevious Copyright Fee: GBP6.86$c0$e01-apr-2006$fGBP6.86$g0$hC$5Uk
=ACF  \\$aPrevious Copyright Fee: GBP6.67$c0$e01-jan-2006$fGBP6.67$g0$hC$5Uk
=ACF  \\$aPrevious Copyright Fee: GBP6.49$c0$e01-oct-2005$fGBP6.49$g0$hC$5Uk
=ACF  \\$aPrevious Copyright Fee: GBP6.49$c0$e01-jul-2005$fGBP6.49$g0$hC$5Uk
=ACF  \\$aPrevious Copyright Fee: GBP6.49$c0$e01-apr-2005$fGBP6.49$g0$hC$5Uk
=ACF  \\$aPrevious Copyright Fee: GBP6.67$c0$e01-jan-2005$fGBP6.67$g0$hC$5Uk
=ACF  \\$aPrevious Copyright Fee: GBP6.49$c0$e01-oct-2004$fGBP6.49$g0$hC$5Uk
=ACF  \\$aPrevious copyright fee: GBP6.49$c0$e01-apr-2004$fGBP6.49$g0$hC$5Uk
=ACF  \\$aCurrent copyright fee: GBP7.06$c0$e01-jan-2004$fGBP7.06$g0$hC$5Uk
=ACF  \\$aCurrent copyright fee: GBP7.50$c0$e01-jan-2003$fGBP7.50$g0$hC$5Uk
=ACF  \\$aPrevious Copyright Fee: GBP7.27$c0$e01-jul-2012$fGBP7.27$g0$hC$5Uk
=ACF  \\$aPrevious Copyright Fee: GBP7.74$c0$e01-oct-2012$fGBP7.74$g0$hC$5Uk
=ACF  \\$aPrevious Copyright Fee: GBP7.50$c0$e01-jan-2013$fGBP7.50$g0$hC$5Uk
=ACF  \\$aPrevious Copyright Fee: GBP7.74$c0$e01-jul-2013$fGBP7.74$g0$hC$5Uk
=ACF  \\$aPrevious Copyright Fee: GBP7.20$c0$e01-oct-2013$fGBP7.20$g0$hC$5Uk
=ACF  \\$aPrevious Copyright Fee: GBP7.50$c0$e01-jan-2014$fGBP7.50$g0$hC$5Uk
=ACF  \\$aPrevious Copyright Fee: GBP7.27$c0$e01-jul-2014$fGBP7.27$g0$hC$5Uk
=ACF  \\$aPrevious Copyright Fee: GBP6.06$c0$e01-jan-2015$fGBP6.06$g0$hC$5Uk
=ACF  \\$aPrevious Copyright Fee: GBP6.67$c0$e01-apr-2015$fGBP6.67$g0$hC$5Uk
=ACF  \\$aPrevious Copyright Fee: GBP6.45$c0$e01-oct-2015$fGBP6.45$g0$hC$5Uk
=ACF  \\$aPrevious Copyright Fee: GBP6.90$c0$e01-apr-2016$fGBP6.90$g0$hC$5Uk
=ACF  \\$aPrevious Copyright Fee: GBP7.41$c0$e01-oct-2016$fGBP7.41$g0$hC$5Uk
=ACF  \\$aPrevious copyright fee: GBP25.00$c43\0$e01-jan-2017$fGBP25.00$g0$hP$5Uk
=ACF  \\$aPrevious Copyright Fee: GBP17.50$c0$e01-apr-2019$fGBP17.50$g0$hA$5Uk
=ACF  \\$aPrevious Copyright Fee: GBP10.00$c0$e01-jul-2019$fGBP10.00$g0$hC$5Uk
=ACF  \\$aPrevious Copyright Fee: GBP22.50$c0$e01-apr-2021$fGBP22.50$g0$hC$5Uk
=CAT  \\$aCONV$b00$c20040425$lBLL90$h0658
=CAT  \\$aBATCH-CLA$b00$c20160229$lBLL01$h1615
=CAT  \\$aIPL-CLA$c20160331$lBLL01$h1707
=CAT  \\$a11313$b40$c20160704$lBLL01$h1524
=CAT  \\$a11313$b40$c20160704$lBLL01$h1525
=CAT  \\$aBATCH-CLA$b00$c20160831$lBLL01$h1648
=CAT  \\$aIPL-CLA$c20160930$lBLL01$h1549
=CAT  \\$a5552$b40$c20161128$lBLL01$h1136
=CAT  \\$aIPL-CLA$c20161230$lBLL01$h1912
=CAT  \\$aBLDSS-3PM$b00$c20170103$lBLL01$h1638
=CAT  \\$aBATCH-UPD$b00$c20170103$lBLL01$h1642
=CAT  \\$aBATCH-UPD$b00$c20170104$lBLL01$h0050
=CAT  \\$a8323$b40$c20170509$lBLL01$h1125
=CAT  \\$a8323$b40$c20170512$lBLL01$h0937
=CAT  \\$aW1902-1304$c20190314$lBLL01$h1238
=CAT  \\$aBATCH-UPD$b00$c20190314$lBLL01$h1617
=CAT  \\$aIPL-CLA$c20190331$lBLL01$h1722
=CAT  \\$aDEL-3PM$c20190409$lBLL01$h0904
=CAT  \\$aBATCH-CLA$b00$c20190531$lBLL01$h1623
=CAT  \\$aIPL-CLA$c20190630$lBLL01$h1527
=CAT  \\$aBATCH-CLA$b00$c20210227$lBLL01$h1014
=CAT  \\$aIPL-CLA$c20210331$lBLL01$h1656
=CAT  \\$aBATCH-CLA$b00$c20221130$lBLL01$h1452
=CAT  \\$aIPL-CLA$c20221231$lBLL01$h1437
=CAT  \\$aBATCH-CLA$b00$c20230209$lBLL01$h1539
=CAT  \\$aIPL-CLA$c20230209$lBLL01$h2333
=CFI  0\$aCurrent Copyright Fee: GBP22.50$c0$e09-feb-2023$fGBP22.50$g0$hC$5Uk
=CFI  2\$aBritish Library not licensed to copy$c0$e01-jan-2023$hC$iCFP Excluded$5Uk
=FIN  \\$aY
=FMT  \\$a  SE
=LAS  \\$aIPL-CLA$b00$c20230209$lBLL01$h2333
=LEO  \\$aMP10.0000044607
=LET  \0$aAmerican journal of international law (Print)
=LKR  \\$aPAR$b017909398$lBLL01$nAmerican journal of international law (Online)$mAmerican journal of international law (Print)$r776
=SRC  \\$aDSS01$bbibmp10.200404.2.aa
=TCO  \\$aTRS$bCCC$c008
=TOC  \\$aETOC

