=LDR  04236cas a2200973ui 4500
=001  009834890
=003  Uk
=005  20221231192344.0
=007  ta
=008  790221d1957201uja\ar\p\\\\\\\0\\\d0jpn\\
=019  c\$a2020220
=019  0\$as214099008
=022  0\$a0386-412X
=040  \\$aUk$cUk$dUk
=041  0\$ajpn$beng
=084  \\$aNV 60$2blsrissc
=210  0\$aKyoto Daigaku Bōsai Kenkyūjo nenpō
=222  \0$aKyoto Daigaku Bōsai Kenkyūjo nenpō
=242  00$a[Disaster Prevention Research Institute - annals]
=245  00$aKyōto Daigaku Bōsai Kenkyūjo nenpō.
=246  13$aDisaster Prevention Research Institute annuals
=260  \\$aKyoto :$b... Kenkyūjo,$c1957-
=300  \\$av. ;$c26 cm.
=310  \\$aAnnual
=336  \\$atext$2rdacontent
=337  \\$aunmediated$2rdamedia
=338  \\$avolume$2rdacarrier
=362  1\$aCeased with 2011 issue?
=540  \\$aCurrent Copyright Fee: GBP25.00$c0$5Uk
=546  \\$aIn Japanese with English summaries.
=710  2\$aKyōto Daigaku.$bBōsai Kenkyūjo.
=776  08$iContinued on CD-ROM and online:$tKyōto Daigaku Bōsai Kenkyūjo nenpō
=852  71$aBritish Library$bSTI$k(P)$hNV 60$m-X(1)$2blsrissc$3No. 1 (1957)-no. 54 (2011)
=852  71$aBritish Library$bSTI$k(TP)$hNV 60$m-X(1)$2blsrissc$3Accompanying CD-ROMs
=852  41$aBritish Library$bDSC$j1073.730000$3Vol. 20 (1979)-v. 42 (1999)
=945  \\$aANNUALS- DISASTER PREVENTION RESEARCH INSTITUTE.
=959  \\$fHeld but not currently received
=985  \\$aDifferent information as to whether has ceased in print, and when, on different records; ISSN says ceased with 2004 issue, but we've rec'd to 2011; Univ of Toyama (via Google) says continued by CD-ROM in 2012.
=A02  \\$a2020220
=ACF  \\$aPrevious copyright fee: GBP5.00$c0$e01-jul-2002$fGBP5.00$g0$hC$5Uk
=ACF  \\$aCurrent copyright fee: GBP2.50$c0$e01-jul-1998$fGBP2.50$g0$hC$5Uk
=ACF  \\$aCurrent copyright fee: GBP2.30$c0$e01-apr-1997$fGBP2.30$g0$hC$5Uk
=ACF  \\$aPrevious copyright fee: GBP10.50$c0$e01-jan-2011$fGBP10.50$g0$hA$5Uk
=ACF  \\$aPrevious copyright fee: GBP12.00$c0$e01-jan-2012$fGBP12.00$g0$hA$5Uk
=ACF  \\$aPrevious Copyright Fee: GBP12.30$c0$e01-jan-2014$fGBP12.30$g0$hA$5Uk
=ACF  \\$aPrevious Copyright Fee: GBP15.00$c0$e01-jan-2017$fGBP15.00$g0$hA$5Uk
=ACF  \\$aPrevious Copyright Fee: GBP17.50$c0$e01-jan-2018$fGBP17.50$g0$hA$5Uk
=ACF  \\$aPrevious Copyright Fee: GBP20.00$c0$e01-jan-2020$fGBP20.00$g0$hA$5Uk
=CAT  \\$aCONV$b00$c20040425$lBLL90$h0658
=CAT  \\$aBATCH$b00$c20091209$lBLL01$h2333
=CAT  \\$aBATCH$b00$c20091214$lBLL01$h0535
=CAT  \\$aBATCH$b00$c20091216$lBLL01$h0131
=CAT  \\$aBATCH-UPD$b00$c20101201$lBLL01$h1225
=CAT  \\$aIPL-CLA$c20101231$lBLL01$h1311
=CAT  \\$aWR11_203$c20111204$lBLL01$h1346
=CAT  \\$aIPL-CLA$c20111230$lBLL01$h1811
=CAT  \\$aBATCH-CLA$b00$c20121104$lBLL01$h1000
=CAT  \\$aBATCH-UPD$b00$c20121104$lBLL01$h1131
=CAT  \\$aWR13.005$c20130323$lBLL01$h1343
=CAT  \\$aBATCH-CLA$c20131217$lBLL01$h1830
=CAT  \\$aIPL-CLA$c20131231$lBLL01$h2028
=CAT  \\$aBATCH-UPD$b00$c20150515$lBLL01$h1044
=CAT  \\$a3072$b40$c20161122$lBLL01$h1647
=CAT  \\$aBATCH-CLA$b00$c20161222$lBLL01$h1722
=CAT  \\$aIPL-CLA$c20161230$lBLL01$h1914
=CAT  \\$aBATCH-CLA$b00$c20171222$lBLL01$h2023
=CAT  \\$aIPL-CLA$c20171231$lBLL01$h1446
=CAT  \\$aBATCH-CLA$b00$c20191219$lBLL01$h1647
=CAT  \\$aIPL-CLA$c20191231$lBLL01$h1806
=CAT  \\$aR2001-1524$c20200127$lBLL01$h1937
=CAT  \\$aBATCH-CLA$b00$c20201204$lBLL01$h1444
=CAT  \\$aIPL-CLA$c20201231$lBLL01$h2010
=CAT  \\$aBATCH-CLA$b00$c20221221$lBLL01$h1750
=CAT  \\$aIPL-CLA$c20221231$lBLL01$h1923
=CFI  0\$aCurrent Copyright Fee: GBP25.00$c0$e01-jan-2023$fGBP25.00$g0$hA$5Uk
=CFI  2\$aPrevious Copyright Fee: GBP22.50$c0$e01-jan-2021$fGBP22.50$g0$hA$5Uk
=FIN  \\$aY
=FMT  \\$a  SE
=LAS  \\$aIPL-CLA$b00$c20221231$lBLL01$h1923
=LEO  \\$aMP25.0000079458
=LEO  \\$aMP10.0000052009
=SRC  \\$aSRI01$bbibmp25.200404.2.aa
=SRC  \\$aDSS01$bbibmp10.200404.2.aa
=TCO  \\$aJPN$bJAACC$c008

