=LDR  07375cas a2201537 a 4500
=001  009849597
=003  Uk
=005  20230209233305.0
=007  ta
=008  771001c19409999enkmr\p\\\\\\\0\\\a0eng\\
=019  c\$a2082690
=019  0\$as080865003
=019  n\$aNLC0020730
=022  0\$a0019-8145
=030  \\$aINDRA9
=040  \\$aUk$cUk$dUk
=082  04$a622.382$221
=084  \\$aTN 74(D1)$2blsrissc
=130  0\$aIndustrial diamond review (London, England : 1940)
=245  00$aIndustrial diamond review.
=246  30$aIDR
=260  \\$aLondon :$bDe Beers Industrial Diamond Division,$c1940-
=300  \\$av. :$bill. ;$c30 cm.
=310  \\$aQuarterly
=336  \\$atext$2rdacontent
=337  \\$aunmediated$2rdamedia
=338  \\$avolume$2rdacarrier
=500  \\$aIndexes for <1988- > have title: Industrial diamond abstracts.
=540  \\$aCurrent Copyright Fee: GBP25.00$c0$5Uk
=580  \\$aVols. 1 (1940)-3 (1943) issued as supplement to the: Gemmologist.
=580  \\$aBeginning with new ser. v. 12 (July 1952) incorporates the Bibliography of industrial diamond applications which continues its own vol. numbering, v. 9, etc.
=595  \\$aABSORBS 4449.5
=650  \0$aDiamonds, Industrial$vPeriodicals.
=770  0\$tDiamond research$g1964-
=772  1\$tGemmologist$g1940-1943
=780  15$tBibliography of industrial diamond applications
=787  1\$tIndustrial diamond abstracts$g1952
=852  41$31940-1943$aBritish Library$bHMNTS$zBound With Goldsmiths Journal$zBound With Goldsmiths Journal$zBound With Goldsmiths Journal$zBound With Goldsmiths Journal$jLOU.LON Shelfmarks held at Newspaper Reading Room issue Desk, Colindale
=852  41$31944$aBritish Library$bHMNTS$jLOU.LON 214 [1944]
=852  41$31945$aBritish Library$bHMNTS$jLOU.LON 220 [1945]
=852  41$31946$aBritish Library$bHMNTS$jLOU.LON 378 [1946]
=852  41$31947$aBritish Library$bHMNTS$jLOU.LON 534 [1947]
=852  41$31948$aBritish Library$bHMNTS$jLOU.LON 342 [1948]
=852  41$31949$aBritish Library$bHMNTS$jLOU.LON 98 [1949]
=852  41$31950$aBritish Library$bHMNTS$jLOU.LON 275 [1950]
=852  41$31951$aBritish Library$bHMNTS$jLOU.LON 266 [1951]
=852  41$31952$aBritish Library$bHMNTS$jLOU.LON 18 [1952]
=852  41$31953$aBritish Library$bHMNTS$jLOU.LON 462A [1953]
=852  41$31954$aBritish Library$bHMNTS$jLOU.LON 601 [1954]
=852  41$31955$aBritish Library$bHMNTS$jLOU.LON 451 [1955]
=852  41$31956$aBritish Library$bHMNTS$jLOU.LON 542 [1956]
=852  41$31957$aBritish Library$bHMNTS$jLOU.LON 146 [1957]
=852  41$31958$aBritish Library$bHMNTS$jLOU.LON 235 [1958]
=852  41$31959$aBritish Library$bHMNTS$jLOU.LON 535 [1959]
=852  41$31960$aBritish Library$bHMNTS$jLOU.LON 350 [1960]
=852  41$aBritish Library$bHMNTS$3No. 1-325 (Dec. 1940-Dec. 1967)
=852  41$31961$aBritish Library$bHMNTS$jLOU.281 [1961]
=852  41$31962$aBritish Library$bHMNTS$jLOU.33 [1962]
=852  41$31963$aBritish Library$bHMNTS$jLOU.2537 [1963]
=852  41$31964$aBritish Library$bHMNTS$jLOU.1045 [1964]
=852  41$31965$aBritish Library$bHMNTS$jLOU.784 [1965]
=852  41$31966$aBritish Library$bHMNTS$jLOU.1330 [1966]
=852  41$31967$aBritish Library$bHMNTS$jLOU.509 [1967]
=852  41$aBritish Library$bDSC$j4450.000000$3Vol. 4, issue 38 (1944)-issue 3 (2008)***UKRR Retained Title
=852  71$aBritish Library$bSTI$k(P)$hTN 74$m(D1) -E(3)$2blsrissc$31940-issue 2 (2008)
=945  \\$aINDUSTRIAL DIAMOND REVIEW.
=959  \\$fHeld but not currently received
=963  \\$aVOL. 26, 1966- *A=1$bN$cL432:7.B.11
=964  \\$aVOL. 25//NO. 290, 1965- *A=1$c621.9$dQ$eJI4377
=985  \\$aDO NOT MERGE BIBLIOGRAPHIC RECORD WITH ISSN UK RECORD.
=ACF  \\$aPrevious Copyright Fee: GBP12.00$c0$e01-apr-2012$fGBP12.00$g0$hC$5Uk
=ACF  \\$aPrevious Copyright Fee: GBP12.00$c0$e01-jan-2012$fGBP12.00$g0$hC$5Uk
=ACF  \\$aPrevious Copyright Fee: GBP10.50$c0$e01-oct-2011$fGBP10.50$g0$hC$5Uk
=ACF  \\$aPrevious Copyright Fee: GBP10.50$c0$e01-jul-2011$fGBP10.50$g0$hC$5Uk
=ACF  \\$aPrevious Copyright Fee: GBP10.50$c0$e01-apr-2011$fGBP10.50$g0$hC$5Uk
=ACF  \\$aPrevious Copyright Fee: GBP10.50$c0$e01-jan-2011$fGBP10.50$g0$hC$5Uk
=ACF  \\$aPrevious Copyright Fee: GBP9.00$c0$e01-oct-2010$fGBP9.00$g0$hC$5Uk
=ACF  \\$aPrevious Copyright Fee: GBP9.00$c0$e01-jul-2010$fGBP9.00$g0$hC$5Uk
=ACF  \\$aPrevious Copyright Fee: GBP9.00$c0$e01-apr-2010$fGBP9.00$g0$hC$5Uk
=ACF  \\$aPrevious Copyright Fee: GBP9.00$c0$e01-Jan-2010$fGBP9.00$g0$hC$5Uk
=ACF  \\$aPrevious Copyright Fee: GBP6.00$c0$e01-oct-2009$fGBP6.00$g0$hC$5Uk
=ACF  \\$aPrevious copyright fee: GBP5.00$c0$e13-jul-1999$fGBP5.00$g0$hC$5Uk
=ACF  \\$aCurrent copyright fee: GBP5.00$c0$e01-jul-1998$fGBP5.00$g0$hC$5Uk
=ACF  \\$aPrevious Copyright Fee: GBP12.00$c0$e01-jul-2012$fGBP12.00$g0$hC$5Uk
=ACF  \\$aPrevious Copyright Fee: GBP12.00$c0$e01-oct-2012$fGBP12.00$g0$hC$5Uk
=ACF  \\$aPrevious Copyright Fee: GBP12.30$c0$e01-jan-2014$fGBP12.30$g0$hC$5Uk
=ACF  \\$aPrevious Copyright Fee: GBP15.00$c0$e01-jan-2017$fGBP15.00$g0$hC$5Uk
=ACF  \\$aPrevious Copyright Fee: GBP17.50$c0$e01-jan-2018$fGBP17.50$g0$hC$5Uk
=ACF  \\$aPrevious Copyright Fee: GBP20.00$c0$e01-jan-2020$fGBP20.00$g0$hC$5Uk
=ACF  \\$aPrevious Copyright Fee: GBP22.50$c0$e01-jan-2021$fGBP22.50$g0$hC$5Uk
=CAT  \\$aCONV$b00$c20040425$lBLL90$h0704
=CAT  \\$aIPL-CLA$c20111230$lBLL01$h1817
=CAT  \\$aBATCH-CLA$b00$c20120229$lBLL01$h1637
=CAT  \\$aIPL-CLA$c20120330$lBLL01$h1408
=CAT  \\$aBATCH-CLA$b00$c20120531$lBLL01$h1721
=CAT  \\$aBATCH-UPD$b00$c20120614$lBLL01$h2135
=CAT  \\$aIPL-CLA$c20120629$lBLL01$h1006
=CAT  \\$a8456$b40$c20120810$lBLL01$h0942
=CAT  \\$aBATCH-CLA$b00$c20120831$lBLL01$h1548
=CAT  \\$aIPL-CLA$c20120930$lBLL01$h2028
=CAT  \\$aBATCH-CLA$b00$c20121104$lBLL01$h0957
=CAT  \\$aWR13.005$c20130323$lBLL01$h1350
=CAT  \\$aBATCH-CLA$b00$c20131129$lBLL01$h1658
=CAT  \\$aIPL-CLA$c20131231$lBLL01$h2036
=CAT  \\$aNPL-LOCK$b77$c20140207$lBLL01$h2149
=CAT  \\$aNPL-UNLOCK$b00$c20140216$lBLL01$h0847
=CAT  \\$aBATCH-CLA$b00$c20161130$lBLL01$h1645
=CAT  \\$aIPL-CLA$c20161230$lBLL01$h1918
=CAT  \\$aBATCH-CLA$b00$c20171130$lBLL01$h1715
=CAT  \\$aIPL-CLA$c20171231$lBLL01$h1450
=CAT  \\$aBATCH-CLA$b00$c20191129$lBLL01$h1629
=CAT  \\$aIPL-CLA$c20191231$lBLL01$h1809
=CAT  \\$aBATCH-CLA$b00$c20201126$lBLL01$h1421
=CAT  \\$aIPL-CLA$c20201231$lBLL01$h1522
=CAT  \\$aBATCH-CLA$b00$c20221130$lBLL01$h1457
=CAT  \\$aIPL-CLA$c20221231$lBLL01$h1437
=CAT  \\$aBATCH-CLA$b00$c20230209$lBLL01$h1543
=CAT  \\$aIPL-CLA$c20230209$lBLL01$h2333
=CFI  0\$aCurrent Copyright Fee: GBP25.00$c0$e09-feb-2023$fGBP25.00$g0$hC$5Uk
=CFI  2\$aBritish Library not licensed to copy$c0$e01-jan-2023$hC$iCFP Excluded$5Uk
=FIN  \\$aY
=FMT  \\$a  SE
=LAS  \\$aIPL-CLA$b00$c20230209$lBLL01$h2333
=LEO  \\$aMP10.0000282467
=LEO  \\$aMP25.0000010000
=LEO  \\$aMP35.0000120391
=SRC  \\$aNPLv17$bbibmp35.20070831.aa
=SRC  \\$aSRI01$bbibmp25.200404.2.aa
=SRC  \\$aDSS01$bbibmp10.200404.2.aa
=TCO  \\$aCLA$bCLA$c008
=TOC  \\$aETOC

