=LDR  07206cas a2201501 i 4500
=001  009853308
=003  Uk
=005  20230210005045.0
=007  ta
=008  971007d19902012enkq\2p\\\\\\\0\\\a0eng\\
=015  \\$aGB9808840$2bnb
=019  c\$a2597090
=019  y\$ab9808840
=019  9\$ab9808840
=019  1\$ab9808840
=022  0\$a1460-4205$202
=039  0\$a2477
=040  \\$aUk$cUk$dUk
=082  04$a338.9$221
=130  0\$aInsights (Brighton, England)
=210  0\$aInsights$b(Brighton)
=222  \0$aInsights$b(Brighton)
=245  00$aInsights.
=246  1\$iMinor title change:$aid21 insights$fNo. 54 (Apr. 2005)-
=246  00$aDevelopmental research insights
=260  \\$aBrighton (University of Sussex, Brighton BN1 9RE) :$bInstitute of Development Studies,$c1990-2012
=300  \\$av. :$bill. ;$c30cm.
=310  \\$aQuarterly
=336  \\$atext$2rdacontent
=337  \\$aunmediated$2rdamedia
=338  \\$avolume$2rdacarrier
=362  0\$a[1990]-
=500  \\$aDescription based on: Issue 23 (Sept. 1997)
=500  \\$aLatest issue consulted: no. 54 (Apr. 2005)
=540  \\$aCurrent Copyright Fee: GBP25.00$c0$5Uk
=650  \0$aEconomic development$xPeriodicals.
=650  \0$aEconomic policy$xPeriodicals.
=651  \0$aDeveloping countries$xEconomic policy$xPeriodicals.
=690  7\$aManagement and Business Studies$2blcoll
=710  2\$aUniversity of Sussex.$bInstitute of Development Studies
=852  41$aBritish Library$bHMNTS$jZK.9.b.11395$3No. 23 (1997)-no. 82 (2012)***UKRR-Excluded-Not Selected
=886  2\$2ukmarc$a910$b20$aInstitute of Development Studies$eUniversity of Sussex$xSee$aUniversity of Sussex.$xInstitute of Development Studies$z710
=886  2\$2blmarc$a092$b00$a4518.184800n
=945  \\$aInsights- Institute of Development Studies
=979  \\$aBritish Library$bDSC$j4518.184800N$xNot selected
=985  \\$aISSN decision: minor title change "id21 insights" due 2005 - SF/DB 15/3/05
=A02  \\$a2597090
=ACF  \\$aPrevious Copyright Fee: GBP12.00$c0$e01-apr-2012$fGBP12.00$g0$hC$5Uk
=ACF  \\$aPrevious Copyright Fee: GBP12.00$c0$e01-jan-2012$fGBP12.00$g0$hC$5Uk
=ACF  \\$aPrevious Copyright Fee: GBP10.50$c0$e01-oct-2011$fGBP10.50$g0$hC$5Uk
=ACF  \\$aPrevious Copyright Fee: GBP10.50$c0$e01-jul-2011$fGBP10.50$g0$hC$5Uk
=ACF  \\$aPrevious Copyright Fee: GBP10.50$c0$e01-apr-2011$fGBP10.50$g0$hC$5Uk
=ACF  \\$aPrevious Copyright Fee: GBP10.50$c0$e01-jan-2011$fGBP10.50$g0$hC$5Uk
=ACF  \\$aPrevious Copyright Fee: GBP9.00$c0$e01-oct-2010$fGBP9.00$g0$hC$5Uk
=ACF  \\$aPrevious Copyright Fee: GBP9.00$c0$e01-jul-2010$fGBP9.00$g0$hC$5Uk
=ACF  \\$aPrevious Copyright Fee: GBP9.00$c0$e01-apr-2010$fGBP9.00$g0$hC$5Uk
=ACF  \\$aPrevious Copyright Fee: GBP9.00$c0$e01-Jan-2010$fGBP9.00$g0$hC$5Uk
=ACF  \\$aPrevious Copyright Fee: GBP6.00$c0$e01-oct-2009$fGBP6.00$g0$hC$5Uk
=ACF  \\$aPrevious Copyright Fee: GBP6.00$c0$e01-jul-2009$fGBP6.00$g0$hC$5Uk
=ACF  \\$aPrevious Copyright Fee: GBP6.00$c0$e01-apr-2009$fGBP6.00$g0$hC$5Uk
=ACF  \\$aPrevious Copyright Fee: GBP6.00$c0$e01-jan-2009$fGBP6.00$g0$hC$5Uk
=ACF  \\$aPrevious Copyright Fee: GBP6.00$c0$e01-oct-2008$fGBP6.00$g0$hC$5Uk
=ACF  \\$aPrevious Copyright Fee: GBP6.00$c0$e01-jul-2008$fGBP6.00$g0$hC$5Uk
=ACF  \\$aPrevious Copyright Fee: GBP6.00$c0$e01-apr-2008$fGBP6.00$g0$hC$5Uk
=ACF  \\$aPrevious Copyright Fee: GBP6.00$c0$e01-jan-2008$fGBP6.00$g0$hC$5Uk
=ACF  \\$aPrevious Copyright Fee: GBP5.00$c0$e01-oct-2007$fGBP5.00$g0$hC$5Uk
=ACF  \\$aPrevious Copyright Fee: GBP5.00$c0$e01-jul-2007$fGBP5.00$g0$hC$5Uk
=ACF  \\$aPrevious Copyright Fee: GBP5.00$c0$e01-apr-2007$fGBP5.00$g0$hC$5Uk
=ACF  \\$aPrevious Copyright Fee: GBP5.00$c0$e01-jan-2007$fGBP5.00$g0$hC$5Uk
=ACF  \\$aPrevious Copyright Fee: GBP5.00$c0$e01-oct-2006$fGBP5.00$g0$hC$5Uk
=ACF  \\$aPrevious Copyright Fee: GBP5.00$c0$e01-jul-2006$fGBP5.00$g0$hC$5Uk
=ACF  \\$aPrevious Copyright Fee: GBP5.00$c0$e01-apr-2006$fGBP5.00$g0$hC$5Uk
=ACF  \\$aPrevious Copyright Fee: GBP5.00$c0$e01-jan-2006$fGBP5.00$g0$hC$5Uk
=ACF  \\$aPrevious Copyright Fee: GBP5.00$c0$e01-oct-2005$fGBP5.00$g0$hC$5Uk
=ACF  \\$aPrevious Copyright Fee: GBP5.00$c0$e01-jul-2005$fGBP5.00$g0$hC$5Uk
=ACF  \\$aPrevious Copyright Fee: GBP5.00$c0$e01-apr-2005$fGBP5.00$g0$hC$5Uk
=ACF  \\$aPrevious Copyright Fee: GBP5.00$c0$e01-jan-2005$fGBP5.00$g0$hC$5Uk
=ACF  \\$aPrevious Copyright Fee: GBP5.00$c0$e01-oct-2004$fGBP5.00$g0$hC$5Uk
=ACF  \\$aPrevious copyright fee: GBP5.00$c0$e01-oct-2002$fGBP5.00$g0$hC$5Uk
=ACF  \\$aPrevious Copyright Fee: GBP12.00$c0$e01-jul-2012$fGBP12.00$g0$hC$5Uk
=ACF  \\$aPrevious Copyright Fee: GBP12.00$c0$e01-oct-2012$fGBP12.00$g0$hC$5Uk
=ACF  \\$aPrevious Copyright Fee: GBP12.30$c0$e01-jan-2014$fGBP12.30$g0$hC$5Uk
=ACF  \\$aPrevious Copyright Fee: GBP15.00$c0$e01-jan-2017$fGBP15.00$g0$hC$5Uk
=ACF  \\$aPrevious Copyright Fee: GBP17.50$c0$e01-jan-2018$fGBP17.50$g0$hC$5Uk
=ACF  \\$aPrevious Copyright Fee: GBP20.00$c0$e01-jan-2020$fGBP20.00$g0$hC$5Uk
=ACF  \\$aPrevious Copyright Fee: GBP22.50$c0$e01-jan-2021$fGBP22.50$g0$hC$5Uk
=CAT  \\$aWR09-126
=CAT  \\$aIPL-CLA$c20110930$lBLL01$h1522
=CAT  \\$aBATCH-CLA$b00$c20111130$lBLL01$h1200
=CAT  \\$aIPL-CLA$c20111230$lBLL01$h1818
=CAT  \\$aBATCH-CLA$b00$c20120229$lBLL01$h1607
=CAT  \\$aIPL-CLA$c20120330$lBLL01$h1408
=CAT  \\$aBATCH-CLA$b00$c20120531$lBLL01$h1704
=CAT  \\$aIPL-CLA$c20120629$lBLL01$h1006
=CAT  \\$aBATCH-CLA$b00$c20120831$lBLL01$h1537
=CAT  \\$aIPL-CLA$c20120930$lBLL01$h2029
=CAT  \\$aBATCH-CLA$b00$c20121104$lBLL01$h0956
=CAT  \\$aWR12_168$c20121206$lBLL01$h1811
=CAT  \\$aBATCH-CLA$b00$c20131129$lBLL01$h1645
=CAT  \\$aIPL-CLA$c20131231$lBLL01$h2038
=CAT  \\$aWR14_140$c20140905$lBLL01$h1735
=CAT  \\$a7778$b40$c20160715$lBLL01$h0919
=CAT  \\$aBATCH-CLA$b00$c20161130$lBLL01$h1644
=CAT  \\$aIPL-CLA$c20161230$lBLL01$h1919
=CAT  \\$aBATCH-CLA$b00$c20171130$lBLL01$h1654
=CAT  \\$aIPL-CLA$c20171231$lBLL01$h1451
=CAT  \\$aBATCH-CLA$b00$c20191129$lBLL01$h1627
=CAT  \\$aIPL-CLA$c20191231$lBLL01$h1810
=CAT  \\$aBATCH-CLA$b00$c20201126$lBLL01$h1414
=CAT  \\$aIPL-CLA$c20201231$lBLL01$h2015
=CAT  \\$aBATCH-CLA$b00$c20221130$lBLL01$h1437
=CAT  \\$aIPL-CLA$c20221231$lBLL01$h1927
=CAT  \\$aBATCH-CLA$b00$c20230209$lBLL01$h1524
=CAT  \\$aIPL-CLA$c20230210$lBLL01$h0050
=CFI  0\$aCurrent Copyright Fee: GBP25.00$c0$e09-feb-2023$fGBP25.00$g0$hC$5Uk
=CFI  2\$aBritish Library not licensed to copy$c0$e01-jan-2023$hC$iCFP Excluded$5Uk
=FIN  \\$aY
=FMT  \\$a  SE
=LAS  \\$aIPL-CLA$b00$c20230210$lBLL01$h0050
=LEO  \\$aMP10.0000287774
=LEO  \\$aMP5.0001496499
=LEO  \\$aMP13.0000343565
=LEO  \\$aMP22.0000056340
=SRC  \\$aBNB03$bbibmp5.200404.2.ac
=SRC  \\$aHSS01$bbibmp13.200404.2.aa
=SRC  \\$aISN01$bbibmp22.200404.2.aa
=SRC  \\$aDSS01$bbibmp10.200404.2.aa
=TCO  \\$aCLA$bCLA$c008

