=LDR  07826cas a2201477 a 4500
=001  009858356
=003  Uk
=005  20220930142429.0
=008  990203c19609999enkbx\p\\\\\\\0\\\a0eng\\
=019  x\$a0821870076
=019  c\$a2086220
=022  0\$a0020-7152
=040  \\$aUk$beng$cUk$dUk
=082  04$a301$222
=210  0\$aInt. j. comp. sociol.
=222  \0$aInternational journal of comparative sociology
=245  00$aInternational journal of comparative sociology :$bIJCS.
=246  30$aIJCS
=260  \\$aLeiden :$bBrill,$c1960-
=260  2\$32002-2003$aWillowdale, Ont. :$bDe Sitter Publications
=260  3\$32004-$aLondon :$bSage Publications
=300  \\$av.
=310  \\$a6 times a year,$b2005-
=321  \\$a5 no. a year,$b2001-2004
=321  \\$aQuarterly,$b1968-2000
=321  \\$aSemiannual,$b1960-1967
=336  \\$atext$2rdacontent
=337  \\$aunmediated$2rdamedia
=338  \\$avolume$2rdacarrier
=500  \\$aFrom vol. 6. no. 1 onward issued by the Department of Sociology, York University, Toronto.
=500  \\$aTo apply for issues from 1997 onwards, use separate form and DSC shelfmark.
=540  \\$aCurrent copyright fee: GBP32.82$c19\0$5Uk
=550  \\$aIssued by: Department of Social Anthropology, Karnatak University, Dharwar, 1960-1964; Department of Sociology, York University, Toronto, 1965-
=710  2\$aYork University (Toronto, Ont.).$bDepartment of Sociology.
=710  2\$aKarnatak University.$bDepartment of Social Anthropology.
=776  08$iAlso issued online as:$tInternational journal of comparative sociology (Online)$x1745-2554
=785  01$tComparative sociology$x1569-1322
=852  41$aBritish Library$bHMNTS$jAc.9233.va$3Vol. 1 (1960)- vol. 37, no. 3/4 (1996); v. 45, no. 1/2 (2004)-v. 54, no. 5/6 (2013)***Title now taken as electronic copy***Items upto 1996 available for remote supply. Items 2004 onwards available for reading room only
=852  41$aBritish Library$bDSC$j4542.173000$3Vol. 1, no. 1 (1960)-v. 52, no. 6 (2011)***UKRR Retained Title
=856  \\$31850-9999$uhttp://online.sagepub.com/$xBLDSS
=945  \\$aInternational journal of comparative sociology.
=959  \\$fHeld but not currently received
=963  \\$aVOL. 1, 1960- 15, 1974 *A=1$bY$cP200.C.702
=985  \\$aCorrected by MS generated file for WR# 12.018
=985  \\$aISSN 0020-7152 taken over by UK centre from Canadian ISSN centre 23.3.05
=985  \\$aRecord amended for WR# 13/070
=A02  \\$a2086220
=ACF  \\$aPrevious Copyright Fee: GBP19.00$c0$e01-oct-2012$fGBP19.00$g0$hC$5Uk
=ACF  \\$aPrevious Copyright Fee: GBP19.00$c0$e01-jul-2012$fGBP19.00$g0$hC$5Uk
=ACF  \\$aPrevious Copyright Fee: GBP19.00$c0$e01-apr-2012$fGBP19.00$g0$hC$5Uk
=ACF  \\$aPrevious Copyright Fee: GBP19.00$c0$e01-jan-2012$fGBP19.00$g0$hC$5Uk
=ACF  \\$aPrevious Copyright Fee: GBP18.00$c0$e01-oct-2011$fGBP18.00$g0$hC$5Uk
=ACF  \\$aPrevious Copyright Fee: GBP18.00$c0$e01-jul-2011$fGBP18.00$g0$hC$5Uk
=ACF  \\$aPrevious Copyright Fee: GBP18.00$c0$e01-apr-2011$fGBP18.00$g0$hC$5Uk
=ACF  \\$aPrevious Copyright Fee: GBP18.00$c0$e01-jan-2011$fGBP18.00$g0$hC$5Uk
=ACF  \\$aPrevious Copyright Fee: GBP18.00$c0$e01-oct-2010$fGBP18.00$g0$hC$5Uk
=ACF  \\$aPrevious Copyright Fee: GBP18.00$c0$e01-jul-2010$fGBP18.00$g0$hC$5Uk
=ACF  \\$aPrevious Copyright Fee: GBP18.00$c0$e01-apr-2010$fGBP18.00$g0$hC$5Uk
=ACF  \\$aPrevious copyright fee: GBP18.00$c0$e01-jan-2010$fGBP18.00$g0$hC$5Uk
=ACF  \\$aPrevious copyright fee: GBP17.00$c19\0$e01-jan-2009$fGBP17.00$g0$hP$5Uk
=ACF  \\$aPrevious copyright fee: GBP14.50$c19\0$e01-jan-2006$fGBP14.50$g0$hP$5Uk
=ACF  \\$aPrevious copyright fee: GBP13.50$c19\0$e20-sep-2005$fGBP13.50$g0$hP$5Uk
=ACF  \\$aCurrent Copyright Fee: GBP10.81$c0$e01-oct-2004$fGBP10.81$g0$hC$5Uk
=ACF  \\$aPrevious copyright fee: GBP10.81$c0$e01-apr-2004$fGBP10.81$g0$hC$5Uk
=ACF  \\$aCurrent copyright fee: GBP11.76$c0$e01-jan-2004$fGBP11.76$g0$hC$5Uk
=ACF  \\$aCurrent copyright fee: GBP12.50$c0$e01-oct-2003$fGBP12.50$g0$hC$5Uk
=ACF  \\$aPrevious copyright fee: GBP22.00$c74\0$e02-nov-2012$fGBP22.00$g0$hP$5Uk
=ACF  \\$aPrevious copyright fee: GBP15.15$c19\0$e09-oct-2012$fGBP15.15$g0$hP$5Uk
=ACF  \\$aPrevious Copyright Fee: GBP18.75$c103\0$e13-feb-2014$fGBP18.75$g0$hP$5Uk
=ACF  \\$aPrevious copyright fee: GBP18.15$c103\0$e01-jul-2014$fGBP18.15$g0$hP$5Uk
=ACF  \\$aPrevious copyright fee: GBP19.35$c103\0$e01-apr-2015$fGBP19.35$g0$hP$5Uk
=ACF  \\$aPrevious copyright fee: GBP20.00$c103\0$e01-jul-2015$fGBP20.00$g0$hP$5Uk
=ACF  \\$aPrevious copyright fee: GBP19.35$c103\0$e01-oct-2015$fGBP19.35$g0$hP$5Uk
=ACF  \\$aPrevious copyright fee: GBP24.83$c103\0$e01-apr-2016$fGBP24.83$g0$hP$5Uk
=ACF  \\$aPrevious copyright fee: GBP26.67$c103\0$e01-oct-2016$fGBP26.67$g0$hP$5Uk
=ACF  \\$aPrevious copyright fee: GBP27.69$c103\0$e01-oct-2017$fGBP27.69$g0$hP$5Uk
=ACF  \\$aPrevious copyright fee: GBP28.80$c103\0$e01-apr-2017$fGBP28.80$g0$hP$5Uk
=ACF  \\$aPrevious copyright fee: GBP27.69$c19\0$e15-feb-2018$fGBP27.69$g0$hP$5Uk
=ACF  \\$aPrevious copyright fee: GBP25.71$c19\0$e01-apr-2018$fGBP25.71$g0$hP$5Uk
=ACF  \\$aPrevious copyright fee: GBP27.69$c19\0$e01-oct-2018$fGBP27.69$g0$hP$5Uk
=ACF  \\$aPrevious copyright fee: GBP29.08$c19\0$e01-jul-2019$fGBP29.08$g0$hP$5Uk
=ACF  \\$aPrevious copyright fee: GBP30.24$c19\0$e01-oct-2019$fGBP30.24$g0$hP$5Uk
=ACF  \\$aPrevious copyright fee: GBP30.29$c19\0$e01-apr-2020$fGBP30.29$g0$hP$5Uk
=ACF  \\$aPrevious copyright fee: GBP31.50$c19\0$e01-jul-2020$fGBP31.50$g0$hP$5Uk
=ACF  \\$aPrevious copyright fee: GBP29.17$c19\0$e01-apr-2021$fGBP29.17$g0$hP$5Uk
=ACF  \\$aPrevious copyright fee: GBP28.13$c19\0$e07-jul-2021$fGBP28.13$g0$hP$5Uk
=CAT  \\$aCONV$b00$c20040425$lBLL90$h0704
=CAT  \\$aBATCH-UPD$b00$c20170216$lBLL01$h1741
=CAT  \\$aIPL-CLA$c20170331$lBLL01$h1833
=CAT  \\$aBATCH-UPD$b00$c20170904$lBLL01$h1738
=CAT  \\$aIPL-CLA$c20170929$lBLL01$h1716
=CAT  \\$a5552$b40$c20180215$lBLL01$h1124
=CAT  \\$aBATCH-UPD$b40$c20180223$lBLL01$h1649
=CAT  \\$aIPL-CLA$c20180331$lBLL01$h1605
=CAT  \\$aBATCH-UPD$b00$c20180823$lBLL01$h1933
=CAT  \\$aIPL-CLA$c20180930$lBLL01$h1455
=CAT  \\$aBATCH-UPD$b00$c20190521$lBLL01$h1406
=CAT  \\$aIPL-CLA$c20190630$lBLL01$h1528
=CAT  \\$aBATCH-UPD$b00$c20190829$lBLL01$h1514
=CAT  \\$aIPL-CLA$c20190930$lBLL01$h1631
=CAT  \\$aBATCH-UPD$b00$c20200219$lBLL01$h1507
=CAT  \\$aIPL-CLA$c20200331$lBLL01$h1607
=CAT  \\$aBATCH-UPD$b00$c20200522$lBLL01$h1445
=CAT  \\$aIPL-CLA$c20200701$lBLL01$h0048
=CAT  \\$aBATCH-UPD$b00$c20210226$lBLL01$h1026
=CAT  \\$aIPL-CLA$c20210331$lBLL01$h1656
=CAT  \\$aBATCH-UPD$b00$c20210707$lBLL01$h1550
=CAT  \\$aIPL-CLA$c20210707$lBLL01$h1842
=CAT  \\$aBATCH-UPD$b00$c20220520$lBLL01$h1637
=CAT  \\$aIPL-CLA$c20220630$lBLL01$h1535
=CAT  \\$aBATCH-UPD$b00$c20220824$lBLL01$h0903
=CAT  \\$aIPL-CLA$c20220930$lBLL01$h1424
=CFI  0\$aCurrent copyright fee: GBP32.82$c19\0$e01-oct-2022$fGBP32.82$g0$hP$5Uk
=CFI  2\$aPrevious copyright fee: GBP31.50$c19\0$e01-jul-2022$fGBP31.50$g0$hP$5Uk
=FFP  \\$aY$bBLDSS-3PM
=FIN  \\$aY
=FMT  \\$a  SE
=LAS  \\$aIPL-CLA$b00$c20220930$lBLL01$h1424
=LEO  \\$aMP10.0000295198
=LEO  \\$aMP1.0000976343
=LKR  \\$aPAR$b012998351$lBLL01$r776$mInternational journal of comparative sociology (Print)$nInternational journal of comparative sociology (Online)
=SRC  \\$aBLS01$bbibmp1.200404.2.ab
=SRC  \\$aDSS01$bbibmp10.200404.2.aa
=TCO  \\$aCLA$bCLA$c008
=TOC  \\$aETOC
=UNO  \\$aY

