=LDR  03818cas a2200901 i 4500
=001  009859310
=003  Uk
=005  20221231192840.0
=007  ta
=008  040409d19841984gw\uu\p\\\\\\\0\\\a0eng\\
=019  c\$a2294156
=022  \\$a0176-2885
=040  \\$aUk$cUk
=082  04$a011.35$223
=245  00$aInternational news magazine index.
=260  \\$aMünchen :$bW. Gorzny,$c1984.
=300  \\$c30 cm
=336  \\$atext$2rdacontent
=337  \\$aunmediated$2rdamedia
=338  \\$avolume$2rdacarrier
=362  0\$aVol. 1, no. 1 (Jan.-Mar. 1984).
=540  \\$aCurrent Copyright Fee: GBP25.00$c0$5Uk
=650  \0$aNewspapers$vBibliography
=650  \0$aPeriodicals$vIndexes.
=650  \0$aForeign news$xPeriodicals$vIndexes.
=852  41$aBritish Library$bHMNTS$jZD.9.b.3050$3Vol. 1, no. 1 (1984)
=883  0\$aLanguage codes assigned by Bayesian analysis of words present in record$d20210115$qUk$c0.9450
=886  2\$2blmarc$a092$b00$a4544.443400n
=945  \\$aINTERNATIONAL NEWS MAGAZINE INDEX.
=963  \\$aVOL. 1(1), 1984 *A=1$bN$cL999.B.1.1172
=979  \\$aBritish Library$bDSC$j4544.443400N
=985  \\$aScans sent to ISSN Germany 13/08/21 to assist in completion of ISSN record (Richard, 13/08/21)
=A02  \\$a2294156
=ACF  \\$aPrevious copyright fee: GBP9.00$c0$e01-apr-2010$fGBP9.00$g0$hA$5Uk
=ACF  \\$aPrevious copyright fee: GBP6.00$c0$e01-apr-2008$fGBP6.00$g0$hA$5Uk
=ACF  \\$aPrevious copyright fee: GBP5.00$c0$e01-jul-2002$fGBP5.00$g0$hA$5Uk
=ACF  \\$aCurrent copyright fee: GBP4.40$c0$e01-jul-1998$fGBP4.40$g0$hA$5Uk
=ACF  \\$aCurrent copyright fee: GBP4.20$c0$e01-apr-1997$fGBP4.20$g0$hA$5Uk
=ACF  \\$aPrevious copyright fee: GBP10.50$c0$e01-jan-2011$fGBP10.50$g0$hA$5Uk
=ACF  \\$aPrevious copyright fee: GBP12.00$c0$e01-jan-2012$fGBP12.00$g0$hA$5Uk
=ACF  \\$aPrevious Copyright Fee: GBP12.30$c0$e01-jan-2014$fGBP12.30$g0$hA$5Uk
=ACF  \\$aPrevious Copyright Fee: GBP15.00$c0$e01-jan-2017$fGBP15.00$g0$hA$5Uk
=ACF  \\$aPrevious Copyright Fee: GBP17.50$c0$e01-jan-2018$fGBP17.50$g0$hA$5Uk
=ACF  \\$aPrevious Copyright Fee: GBP20.00$c0$e01-jan-2020$fGBP20.00$g0$hA$5Uk
=CAT  \\$aCONV$b00$c20040425$lBLL90$h0704
=CAT  \\$aBATCH-UPD$b00$c20100401$lBLL01$h0130
=CAT  \\$aBATCH$b00$c20100401$lBLL01$h0433
=CAT  \\$aBATCH$b00$c20100401$lBLL01$h1451
=CAT  \\$aBATCH-UPD$b00$c20101124$lBLL01$h1831
=CAT  \\$aBATCH-UPD$b00$c20101125$lBLL01$h1051
=CAT  \\$aIPL-CLA$c20101231$lBLL01$h1320
=CAT  \\$aWR11_203$c20111204$lBLL01$h1353
=CAT  \\$aIPL-CLA$c20111230$lBLL01$h1821
=CAT  \\$aBATCH-CLA$b00$c20121105$lBLL01$h1753
=CAT  \\$aWR13.005$c20130323$lBLL01$h1354
=CAT  \\$aBATCH-CLA$c20131217$lBLL01$h1839
=CAT  \\$aIPL-CLA$c20131231$lBLL01$h2041
=CAT  \\$aBATCH-CLA$b00$c20161222$lBLL01$h1725
=CAT  \\$aIPL-CLA$c20161230$lBLL01$h1921
=CAT  \\$aBATCH-CLA$b00$c20171222$lBLL01$h2027
=CAT  \\$aIPL-CLA$c20171231$lBLL01$h1453
=CAT  \\$aBATCH-CLA$b00$c20191219$lBLL01$h1650
=CAT  \\$aIPL-CLA$c20191231$lBLL01$h1811
=CAT  \\$aBATCH-CLA$b00$c20201204$lBLL01$h1448
=CAT  \\$aIPL-CLA$c20201231$lBLL01$h2016
=CAT  \\$aW2102-0046$b00$c20210506$lBLL01$h1447
=CAT  \\$a8483$b40$c20210811$lBLL01$h0925
=CAT  \\$a10806$b40$c20210813$lBLL01$h0819
=CAT  \\$aBATCH-CLA$b00$c20221221$lBLL01$h1754
=CAT  \\$aIPL-CLA$c20221231$lBLL01$h1928
=CFI  0\$aCurrent Copyright Fee: GBP25.00$c0$e01-jan-2023$fGBP25.00$g0$hA$5Uk
=CFI  2\$aPrevious Copyright Fee: GBP22.50$c0$e01-jan-2021$fGBP22.50$g0$hA$5Uk
=FIN  \\$aY
=FMT  \\$a  SE
=LAS  \\$aIPL-CLA$b00$c20221231$lBLL01$h1928
=LEO  \\$aMP10.0000296806
=SRC  \\$aDSS01$bbibmp10.200404.2.aa
=TCO  \\$aZZZ$c008

