=LDR  08223cas a2201633 a 4500
=001  009861959
=003  Uk
=005  20220930142434.0
=007  ta
=008  900924c19909999txuqx\p\\\\\\\0\\\a0eng\c
=010  \\$a90642714$zsn 90025358
=016  7\$a9425913$2DNLM
=016  7\$aSR0069314$2DNLM
=019  c\$a2429428
=022  0\$a1053-4512
=030  \\$aISCLEP
=032  \\$a003800$bUSPS
=035  \\$a(OCoLC)ocm22424337
=040  \\$aPPLas$beng$cPPLas$dInU$dNSDP$dMH$dWaU$dDLC$dOUCA$dMiU$dOCoLC$dNIC$dNST$dInU$dNST$dDNLM$dOCoLC$dMH$dOCoLC$dNSDP$dCSdS$dCaQQL$dOCoLC$dDE-MnBSB$dOCoLC$dUk
=042  \\$ansdp
=050  00$aLC4001$b.A25
=060  00$aW1$bIN982V
=082  00$a371.905$220
=210  0\$aInterv. sch. clin.
=222  \0$aIntervention in school and clinic
=245  00$aIntervention in school and clinic.
=246  30$aIntervention
=260  \\$aAustin, TX :$bPRO-ED,$cc1990-
=264  31$a[Austin, TX] :$b[Hammill Institute on Disabilities and Sage in association with the Council for Learning Disabilities]
=300  \\$av. :$bill. ;$c28 cm.
=310  \\$aFive no. a year
=336  \\$atext$2rdacontent
=337  \\$aunmediated$2rdamedia
=338  \\$avolume$2rdacarrier
=362  0\$aVol. 26, no. 1 (Sept. 1990)-
=500  \\$aTitle from cover.
=540  \\$aCurrent copyright fee: GBP13.13$c103\0$5Uk
=550  \\$aA journal of the Hammill Institute on Disabilities, <Jan. 2014- >.
=588  \\$aLatest issue consulted: Vol. 31, no. 4 (Mar. 1996).
=595  \\$aFORMERLY 0570.515 UP TO VOL. 25, 1989/1990.
=650  \0$aLearning disabled children$xEducation$vPeriodicals.
=650  \0$aProblem children$xEducation$vPeriodicals.
=650  \0$aBehavior disorders in children$vPeriodicals.
=650  \0$aSpecial education$vPeriodicals.
=690  7\$aSocial Welfare$2blcoll
=710  2\$aHammill Institute on Disabilities,$eissuing body.
=776  08$iAlso issued online as:$tIntervention in school and clinic (Online)$x1538-4810
=780  00$tAcademic therapy$x0001-396X
=852  41$aBritish Library$bDSC$j4557.471850$3Vol. 26 (1990)-v. 57, no. 2 (2021)***UKRR Retained Title***Stock Incomplete
=856  \\$31850-9999$uhttp://online.sagepub.com/$xBLDSS
=945  \\$aINTERVENTION IN SCHOOL AND CLINIC
=959  \\$fHeld but not currently received
=985  \\$aISSN transfer from U.S. to UK pending (Richard, 26/06/20)
=A02  \\$a2429428
=ACF  \\$aPrevious copyright fee: GBP18.00$c0$e01-jan-2010$fGBP18.00$g0$hC$5Uk
=ACF  \\$aPrevious copyright fee: GBP17.00$c19\0$e06-feb-2009$fGBP17.00$g0$hP$5Uk
=ACF  \\$aPrevious Copyright Fee: GBP10.79$c0$e01-jan-2009$fGBP10.79$g0$hC$5Uk
=ACF  \\$aPrevious Copyright Fee: GBP7.50$c0$e01-oct-2008$fGBP7.50$g0$hC$5Uk
=ACF  \\$aPrevious Copyright Fee: GBP7.50$c0$e01-jul-2008$fGBP7.50$g0$hC$5Uk
=ACF  \\$aPrevious Copyright Fee: GBP7.50$c0$e01-apr-2008$fGBP7.50$g0$hC$5Uk
=ACF  \\$aPrevious Copyright Fee: GBP0.20$c0$e01-jan-2008$fGBP0.20$g0$hC$5Uk
=ACF  \\$aPrevious Copyright Fee: GBP0.20$c0$e01-oct-2007$fGBP0.20$g0$hC$5Uk
=ACF  \\$aPrevious Copyright Fee: GBP0.20$c0$e01-jul-2007$fGBP0.20$g0$hC$5Uk
=ACF  \\$aPrevious Copyright Fee: GBP0.21$c0$e01-apr-2007$fGBP0.21$g0$hC$5Uk
=ACF  \\$aPrevious Copyright Fee: GBP0.22$c0$e01-jan-2007$fGBP0.22$g0$hC$5Uk
=ACF  \\$aPrevious Copyright Fee: GBP0.22$c0$e01-oct-2006$fGBP0.22$g0$hC$5Uk
=ACF  \\$aPrevious Copyright Fee: GBP0.23$c0$e01-jul-2006$fGBP0.23$g0$hC$5Uk
=ACF  \\$aPrevious Copyright Fee: GBP0.23$c0$e01-apr-2006$fGBP0.23$g0$hC$5Uk
=ACF  \\$aPrevious Copyright Fee: GBP0.22$c0$e01-jan-2006$fGBP0.22$g0$hC$5Uk
=ACF  \\$aPrevious Copyright Fee: GBP0.22$c0$e01-oct-2005$fGBP0.22$g0$hC$5Uk
=ACF  \\$aPrevious Copyright Fee: GBP0.22$c0$e01-jul-2005$fGBP0.22$g0$hC$5Uk
=ACF  \\$aPrevious Copyright Fee: GBP0.22$c0$e01-apr-2005$fGBP0.22$g0$hC$5Uk
=ACF  \\$aPrevious Copyright Fee: GBP0.22$c0$e01-jan-2005$fGBP0.22$g0$hC$5Uk
=ACF  \\$aPrevious Copyright Fee: GBP0.22$c0$e01-oct-2004$fGBP0.22$g0$hC$5Uk
=ACF  \\$aPrevious copyright fee: GBP0.22$c0$e01-apr-2004$fGBP0.22$g0$hC$5Uk
=ACF  \\$aCurrent copyright fee: GBP0.24$c0$e01-jan-2004$fGBP0.24$g0$hC$5Uk
=ACF  \\$aCurrent copyright fee: GBP0.25$c0$e01-jan-2003$fGBP0.25$g0$hC$5Uk
=ACF  \\$aPrevious copyright fee: GBP10.50$c0$e01-jan-2011$fGBP10.50$g0$hA$5Uk
=ACF  \\$aBritish Library not licensed to copy$c0$e07-sep-2011$hC$iTX$5Uk
=ACF  \\$aPrevious Copyright Fee: GBP12.90$c0$e01-jul-2013$fGBP12.90$g0$hC$5Uk
=ACF  \\$aPrevious Copyright Fee: GBP12.50$c0$e01-jan-2014$fGBP12.50$g0$hC$5Uk
=ACF  \\$aPrevious Copyright Fee: GBP12.00$c0$e01-oct-2013$fGBP12.00$g0$hC$5Uk
=ACF  \\$aPrevious Copyright Fee: GBP18.75$c103\0$e17-feb-2014$fGBP18.75$g0$hP$5Uk
=ACF  \\$aPrevious copyright fee: GBP18.15$c103\0$e01-jul-2014$fGBP18.15$g0$hP$5Uk
=ACF  \\$aPrevious copyright fee: GBP19.35$c103\0$e01-apr-2015$fGBP19.35$g0$hP$5Uk
=ACF  \\$aPrevious copyright fee: GBP20.00$c103\0$e01-jul-2015$fGBP20.00$g0$hP$5Uk
=ACF  \\$aPrevious copyright fee: GBP19.35$c103\0$e01-oct-2015$fGBP19.35$g0$hP$5Uk
=ACF  \\$aPrevious copyright fee: GBP24.83$c103\0$e01-apr-2016$fGBP24.83$g0$hP$5Uk
=ACF  \\$aPrevious copyright fee: GBP26.67$c103\0$e01-oct-2016$fGBP26.67$g0$hP$5Uk
=ACF  \\$aPrevious copyright fee: GBP27.69$c103\0$e01-oct-2017$fGBP27.69$g0$hP$5Uk
=ACF  \\$aPrevious copyright fee: GBP28.80$c103\0$e01-apr-2017$fGBP28.80$g0$hP$5Uk
=ACF  \\$aPrevious copyright fee: GBP11.54$c103\0$e08-feb-2018$fGBP11.54$g0$hP$5Uk
=ACF  \\$aPrevious copyright fee: GBP10.71$c103\0$e01-apr-2018$fGBP10.71$g0$hP$5Uk
=ACF  \\$aPrevious copyright fee: GBP11.54$c103\0$e01-oct-2018$fGBP11.54$g0$hP$5Uk
=ACF  \\$aPrevious copyright fee: GBP12.12$c103\0$e01-jul-2019$fGBP12.12$g0$hP$5Uk
=ACF  \\$aPrevious copyright fee: GBP12.60$c103\0$e01-oct-2019$fGBP12.60$g0$hP$5Uk
=ACF  \\$aPrevious copyright fee: GBP12.12$c103\0$e01-apr-2020$fGBP12.12$g0$hP$5Uk
=ACF  \\$aPrevious copyright fee: GBP12.60$c103\0$e01-jul-2020$fGBP12.60$g0$hP$5Uk
=ACF  \\$aPrevious copyright fee: GBP11.67$c103\0$e01-apr-2021$fGBP11.67$g0$hP$5Uk
=ACF  \\$aPrevious copyright fee: GBP11.25$c103\0$e07-jul-2021$fGBP11.25$g0$hP$5Uk
=CAT  \\$aCONV$b00$c20040425$lBLL90$h0704
=CAT  \\$a5552$b40$c20180208$lBLL01$h1237
=CAT  \\$a5552$b40$c20180208$lBLL01$h1343
=CAT  \\$aBATCH-UPD$b40$c20180223$lBLL01$h1533
=CAT  \\$aIPL-CLA$c20180331$lBLL01$h1605
=CAT  \\$aBATCH-UPD$b00$c20180823$lBLL01$h1902
=CAT  \\$a5552$b40$c20180910$lBLL01$h1341
=CAT  \\$aIPL-CLA$c20180930$lBLL01$h1455
=CAT  \\$aBATCH-UPD$b00$c20190521$lBLL01$h1352
=CAT  \\$aIPL-CLA$c20190630$lBLL01$h1528
=CAT  \\$aBATCH-UPD$b00$c20190829$lBLL01$h1436
=CAT  \\$aIPL-CLA$c20190930$lBLL01$h1631
=CAT  \\$aBATCH-UPD$b00$c20200219$lBLL01$h1426
=CAT  \\$aIPL-CLA$c20200331$lBLL01$h1607
=CAT  \\$aBATCH-UPD$b00$c20200522$lBLL01$h1417
=CAT  \\$a10806$b40$c20200626$lBLL01$h0907
=CAT  \\$aIPL-CLA$c20200701$lBLL01$h0048
=CAT  \\$aBATCH-UPD$b00$c20210226$lBLL01$h0958
=CAT  \\$aIPL-CLA$c20210331$lBLL01$h1657
=CAT  \\$aBATCH-UPD$b00$c20210707$lBLL01$h1522
=CAT  \\$aIPL-CLA$c20210707$lBLL01$h1842
=CAT  \\$a6558$b40$c20211208$lBLL01$h1551
=CAT  \\$aBATCH-UPD$b40$c20220520$lBLL01$h1551
=CAT  \\$aIPL-CLA$c20220630$lBLL01$h1535
=CAT  \\$aBATCH-UPD$b00$c20220824$lBLL01$h0825
=CAT  \\$aIPL-CLA$c20220930$lBLL01$h1424
=CFI  0\$aCurrent copyright fee: GBP13.13$c103\0$e01-oct-2022$fGBP13.13$g0$hP$5Uk
=CFI  2\$aPrevious copyright fee: GBP12.60$c103\0$e01-jul-2022$fGBP12.60$g0$hP$5Uk
=FFP  \\$aY$bBLDSS-3PM
=FIN  \\$aY
=FMT  \\$a  SE
=LAS  \\$aIPL-CLA$b00$c20220930$lBLL01$h1424
=LEO  \\$aMP10.0000300841
=LKR  \\$aPAR$b016566448$lBLL01$nIntervention in school and clinic (Online)$mIntervention in school and clinic (Print)$r776
=SID  \\$aZ39$bLOC
=SRC  \\$aDSS01$bbibmp10.200404.2.aa
=TCO  \\$aTRS$bCCC$c008
=TOC  \\$aETOC
=UNO  \\$aY

