=LDR  03979cas a22009137a 4500
=001  009863188
=003  Uk
=005  20221231192929.0
=007  ta
=008  040409d19812003ie\ar\p\\r\\\\0\\\a0eng\\
=019  c\$a2330942
=022  0\$a0790-1070
=040  \\$aUk$beng$cUk$dUk
=042  \\$aukblsr
=082  04$a062.915025$222
=222  \0$aIreland, a directory
=245  00$aIreland, a directory.
=260  \\$aDublin :$bInstitute of Public Administration,$c1981-2003.
=300  \\$a23 v. :$bill., ports. ;$c26 cm
=310  \\$aAnnual
=336  \\$atext$2rdacontent
=337  \\$aunmediated$2rdamedia
=338  \\$avolume$2rdacarrier
=362  1\$aBegan in 1981.
=362  0\$a-2003.
=500  \\$aDescription based on: 2003 issue.
=540  \\$aCurrent Copyright Fee: GBP25.00$c0$5Uk
=595  \\$aSee also 0696.3
=650  \0$aAssociations, institutions, etc.$zIreland$vDirectories.
=710  2\$aInstitute of Public Administration (Ireland)
=785  04$tAdministration yearbook and diary$x0073-9596
=852  41$aBritish Library$bDSC$j4567.800900$31986-2003
=852  41$aBritish Library$bHMNTS$jP.701/1511
=945  \\$aIreland a directory.
=959  \\$fHeld but not currently received
=985  \\$aInitially the Institute of Public Administration in Dublin produced two separate publications: 'Ireland a directory' (ISSN 0790-1070) containing directory information, and 'Administration yearbook and diary' (ISSN 0073-9596)which contained the same directory information, but bound together with a blank diary. 'Ireland a directory' was discontinued in 2003.
=ACF  \\$aPrevious copyright fee: GBP5.00$c0$e01-jul-2002$fGBP5.00$g0$hC$5Uk
=ACF  \\$aCurrent copyright fee: GBP2.50$c0$e01-jul-1998$fGBP2.50$g0$hC$5Uk
=ACF  \\$aCurrent copyright fee: GBP2.30$c0$e01-apr-1997$fGBP2.30$g0$hC$5Uk
=ACF  \\$aPrevious copyright fee: GBP10.50$c0$e01-jan-2011$fGBP10.50$g0$hA$5Uk
=ACF  \\$aPrevious copyright fee: GBP12.00$c0$e01-jan-2012$fGBP12.00$g0$hA$5Uk
=ACF  \\$aPrevious Copyright Fee: GBP12.30$c0$e01-jan-2014$fGBP12.30$g0$hA$5Uk
=ACF  \\$aPrevious Copyright Fee: GBP15.00$c0$e01-jan-2017$fGBP15.00$g0$hA$5Uk
=ACF  \\$aPrevious Copyright Fee: GBP17.50$c0$e01-jan-2018$fGBP17.50$g0$hA$5Uk
=ACF  \\$aPrevious Copyright Fee: GBP20.00$c0$e01-jan-2020$fGBP20.00$g0$hA$5Uk
=CAT  \\$aCONV$b00$c20040425$lBLL90$h0704
=CAT  \\$a8128$b40$c20051011$lBLL01$h1005
=CAT  \\$a8124$b40$c20051011$lBLL01$h1130
=CAT  \\$a8124$b40$c20051011$lBLL01$h1132
=CAT  \\$a8124$b40$c20051011$lBLL01$h1141
=CAT  \\$a11306$b40$c20080122$lBLL01$h1651
=CAT  \\$aBATCH$b00$c20091209$lBLL01$h2346
=CAT  \\$aBATCH-UPD$b00$c20101201$lBLL01$h1227
=CAT  \\$aIPL-CLA$c20101231$lBLL01$h1322
=CAT  \\$aWR11_203$c20111204$lBLL01$h1354
=CAT  \\$aIPL-CLA$c20111230$lBLL01$h1822
=CAT  \\$aBATCH-CLA$b00$c20121105$lBLL01$h1753
=CAT  \\$aWR13.005$c20130323$lBLL01$h1356
=CAT  \\$aBATCH-CLA$c20131218$lBLL01$h2229
=CAT  \\$aIPL-CLA$c20131231$lBLL01$h2043
=CAT  \\$aBATCH-CLA$b00$c20161222$lBLL01$h1726
=CAT  \\$aIPL-CLA$c20161230$lBLL01$h1922
=CAT  \\$aBATCH-CLA$b00$c20171222$lBLL01$h2027
=CAT  \\$aIPL-CLA$c20171231$lBLL01$h1454
=CAT  \\$aBATCH-CLA$b00$c20191219$lBLL01$h1651
=CAT  \\$aIPL-CLA$c20191231$lBLL01$h1812
=CAT  \\$aR2001-1524$c20200127$lBLL01$h1939
=CAT  \\$aBATCH-CLA$b00$c20201204$lBLL01$h1448
=CAT  \\$aIPL-CLA$c20201231$lBLL01$h2017
=CAT  \\$aBATCH-CLA$b00$c20221221$lBLL01$h1754
=CAT  \\$aIPL-CLA$c20221231$lBLL01$h1929
=CFI  0\$aCurrent Copyright Fee: GBP25.00$c0$e01-jan-2023$fGBP25.00$g0$hA$5Uk
=CFI  2\$aPrevious Copyright Fee: GBP22.50$c0$e01-jan-2021$fGBP22.50$g0$hA$5Uk
=FIN  \\$aY
=FMT  \\$a  SE
=LAS  \\$aIPL-CLA$b00$c20221231$lBLL01$h1929
=LEO  \\$aMP10.0000302707
=SRC  \\$aDSS01$bbibmp10.200404.2.aa
=TCO  \\$aIRL$bICLA$c008

