=LDR  05084cas a22010573  4500
=001  009868440
=003  Uk
=005  20221231143816.0
=007  ta
=008  040410d19531993sz\qr\p\\\\\\\0\\\b0ger\\
=019  c\$a2152986
=022  0\$a0036-7885
=040  \\$aUk$cUk$dUk
=222  \0$aSchweizerische Zeitschrift für Sportmedizin
=245  00$aSchweizerische Zeitschrift für Sportmedizin.
=336  \\$atext$2rdacontent
=337  \\$aunmediated$2rdamedia
=338  \\$avolume$2rdacarrier
=540  \\$aCurrent Copyright Fee: GBP25.00$c0$5Uk
=595  \\$aCONTD AS 8123.485 1/94, 1994- SEE ALSO SERIAL RECORDS SPRIG.
=780  00$tSchweizerische Zeitschrift für Sportmedizin und Sporttraumatologie$x1422-0644
=852  41$aBritish Library$bDSC$j8123.480000
=945  \\$aSCHWEIZERISCHE ZEITSCHRIFT FUR SPORTMEDIZIN.
=959  \\$fHeld but not currently received
=985  \\$aCorrected by BSS-generated file for WR# 10/166
=985  \\$aOut of step with ISSN portal
=A02  \\$a2152986
=ACF  \\$aPrevious Copyright Fee: GBP2.86$c0$e01-jul-2009$fGBP2.86$g0$hC$5Uk
=ACF  \\$aPrevious Copyright Fee: GBP2.86$c0$e01-apr-2009$fGBP2.86$g0$hC$5Uk
=ACF  \\$aPrevious Copyright Fee: GBP2.50$c0$e01-jan-2009$fGBP2.50$g0$hC$5Uk
=ACF  \\$aPrevious Copyright Fee: GBP2.00$c0$e01-oct-2008$fGBP2.00$g0$hC$5Uk
=ACF  \\$aPrevious Copyright Fee: GBP2.00$c0$e01-jul-2008$fGBP2.00$g0$hC$5Uk
=ACF  \\$aPrevious Copyright Fee: GBP2.00$c0$e01-apr-2008$fGBP2.00$g0$hC$5Uk
=ACF  \\$aPrevious Copyright Fee: GBP2.00$c0$e01-jan-2008$fGBP2.00$g0$hC$5Uk
=ACF  \\$aPrevious Copyright Fee: GBP2.00$c0$e01-oct-2007$fGBP2.00$g0$hC$5Uk
=ACF  \\$aPrevious Copyright Fee: GBP2.00$c0$e01-jul-2007$fGBP2.00$g0$hC$5Uk
=ACF  \\$aPrevious Copyright Fee: GBP2.05$c0$e01-apr-2007$fGBP2.05$g0$hC$5Uk
=ACF  \\$aPrevious Copyright Fee: GBP2.16$c0$e01-jan-2007$fGBP2.16$g0$hC$5Uk
=ACF  \\$aPrevious Copyright Fee: GBP2.16$c0$e01-oct-2006$fGBP2.16$g0$hC$5Uk
=ACF  \\$aPrevious Copyright Fee: GBP2.29$c0$e01-jul-2006$fGBP2.29$g0$hC$5Uk
=ACF  \\$aPrevious Copyright Fee: GBP2.29$c0$e01-apr-2006$fGBP2.29$g0$hC$5Uk
=ACF  \\$aPrevious Copyright Fee: GBP2.22$c0$e01-jan-2006$fGBP2.22$g0$hC$5Uk
=ACF  \\$aPrevious Copyright Fee: GBP2.16$c0$e01-oct-2005$fGBP2.16$g0$hC$5Uk
=ACF  \\$aPrevious Copyright Fee: GBP2.16$c0$e01-jul-2005$fGBP2.16$g0$hC$5Uk
=ACF  \\$aPrevious Copyright Fee: GBP2.16$c0$e01-apr-2005$fGBP2.16$g0$hC$5Uk
=ACF  \\$aPrevious Copyright Fee: GBP2.22$c0$e01-jan-2005$fGBP2.22$g0$hC$5Uk
=ACF  \\$aPrevious Copyright Fee: GBP2.16$c0$e01-oct-2004$fGBP2.16$g0$hC$5Uk
=ACF  \\$aPrevious copyright fee: GBP2.16$c0$e01-apr-2004$fGBP2.16$g0$hC$5Uk
=ACF  \\$aCurrent copyright fee: GBP2.35$c0$e01-jan-2004$fGBP2.35$g0$hC$5Uk
=ACF  \\$aCurrent copyright fee: GBP2.50$c0$e01-jan-2003$fGBP2.50$g0$hC$5Uk
=ACF  \\$aPrevious copyright fee: GBP10.50$c0$e01-jan-2011$fGBP10.50$g0$hA$5Uk
=ACF  \\$aPrevious copyright fee: GBP12.00$c0$e01-jan-2012$fGBP12.00$g0$hA$5Uk
=ACF  \\$aPrevious Copyright Fee: GBP12.30$c0$e01-jan-2014$fGBP12.30$g0$hA$5Uk
=ACF  \\$aPrevious Copyright Fee: GBP15.00$c0$e01-jan-2017$fGBP15.00$g0$hA$5Uk
=ACF  \\$aPrevious Copyright Fee: GBP17.50$c0$e01-jan-2018$fGBP17.50$g0$hA$5Uk
=ACF  \\$aPrevious Copyright Fee: GBP20.00$c0$e01-jan-2020$fGBP20.00$g0$hA$5Uk
=CAT  \\$aCONV$b00$c20040425$lBLL90$h0710
=CAT  \\$aBATCH$b00$c20090701$lBLL01$h2053
=CAT  \\$aBATCH$b00$c20091209$lBLL01$h2348
=CAT  \\$aBATCH$b00$c20091214$lBLL01$h0539
=CAT  \\$aBATCH$b00$c20091216$lBLL01$h0135
=CAT  \\$aBLSS-CORR$b00$c20101119$lBLL01$h1719
=CAT  \\$aBATCH-UPD$b00$c20101201$lBLL01$h1227
=CAT  \\$aIPL-CLA$c20101231$lBLL01$h1324
=CAT  \\$aWR11_203$c20111204$lBLL01$h1356
=CAT  \\$aIPL-CLA$c20111230$lBLL01$h1824
=CAT  \\$aBATCH-CLA$b00$c20121105$lBLL01$h1752
=CAT  \\$aWR13.005$c20130323$lBLL01$h1358
=CAT  \\$aBATCH-CLA$c20131218$lBLL01$h2231
=CAT  \\$aIPL-CLA$c20131231$lBLL01$h2046
=CAT  \\$a8124$b40$c20161101$lBLL01$h1245
=CAT  \\$aBATCH-CLA$b00$c20161222$lBLL01$h1726
=CAT  \\$aIPL-CLA$c20161230$lBLL01$h1924
=CAT  \\$aBATCH-CLA$b00$c20171222$lBLL01$h2028
=CAT  \\$aIPL-CLA$c20171231$lBLL01$h1455
=CAT  \\$aBATCH-CLA$b00$c20191219$lBLL01$h1652
=CAT  \\$aIPL-CLA$c20191231$lBLL01$h1813
=CAT  \\$aR2001-1524$c20200127$lBLL01$h1939
=CAT  \\$aBATCH-CLA$b00$c20201204$lBLL01$h1449
=CAT  \\$aIPL-CLA$c20201231$lBLL01$h1522
=CAT  \\$aBATCH-CLA$b00$c20221221$lBLL01$h1755
=CAT  \\$aIPL-CLA$c20221231$lBLL01$h1438
=CFI  0\$aCurrent Copyright Fee: GBP25.00$c0$e01-jan-2023$fGBP25.00$g0$hA$5Uk
=CFI  2\$aPrevious Copyright Fee: GBP22.50$c0$e01-jan-2021$fGBP22.50$g0$hA$5Uk
=FIN  \\$aY
=FMT  \\$a  SE
=LAS  \\$aIPL-CLA$b00$c20221231$lBLL01$h1438
=LEO  \\$aMP10.0000524119
=SRC  \\$aDSS01$bbibmp10.200404.2.aa
=TCO  \\$aCHE$bPRO LITTERIS$c008
=TOC  \\$aETOC

