=LDR  05465cas a2201189 a 4500
=001  009871440
=003  Uk
=005  20220930142436.0
=007  ta
=008  040410c19749999ii\q|\p\\\\\\\0\\\a0eng\\
=019  c\$a2154294
=019  1\$ar6031880
=022  0\$a0970-8464
=040  \\$aUk$cUk$dUk
=082  04$a658/.022
=210  1\$aSedme, small enterp. dev. manag. ext. j.
=222  \0$aSedme. Small enterprises development, management and extension journal
=245  00$aSedme.
=246  30$aSmall enterprises development, management and extension journal
=260  \\$aHyderabad :$bSmall Industry Extension Training Institute,$c[1974]-
=300  \\$av. :$bill. ;$c24 cm.
=310  \\$a4 no. a year
=336  \\$atext$2rdacontent
=337  \\$aunmediated$2rdamedia
=338  \\$avolume$2rdacarrier
=362  0\$avol.1, no.1- ; June, 1974-
=500  \\$a"A quarterly journal devoted to small enterprises development, management and extension."
=504  \\$aIncludes bibliographies.
=540  \\$aCurrent copyright fee: GBP32.82$c19\0$5Uk
=550  \\$aVols. for issued by: National Institute of Small Industry Extension Training; <2007-> issued by National Institute for Micro, Small and Medium Enterprises.
=595  \\$aSEE ALSO CARD INDEX.
=650  \0$aSmall business$xManagement$vPeriodicals.
=650  \0$aSmall business$xStudy and teaching$zIndia.
=653  \\$aIndia (Republic)$aCompanies$aManagement$aSerials
=690  7\$aManagement and Business Studies$2blcoll
=710  2\$aSmall Industry Extension Training Institute (India)
=710  2\$aNational Institute of Small Industry Extension Training.
=710  2\$aNational Institute for Micro, Small and Medium Enterprises (India)
=780  00$aSmall Industry Extension Training Institute (India).$tSIET studies$x0036-1518
=852  41$aBritish Library$bHMNTS$jP.511/5041$3vol.1, no.1- ; June, 1974-
=852  41$aBritish Library$bDSC$j8217.410000$3Vol. 1 (1974)-vol. 19, no. 4 (Dec. 1992)
=856  \\$31850-9999$uhttp://www.uk.sagepub.com/home.nav$xBLDSS
=945  \\$aSEDME.
=959  \\$fHeld but not currently received
=985  \\$aRecord merged by DQ team
=985  \\$aCorrected by BSS-generated file for WR# 10/166
=985  \\$aISSN transfer from India to UK in progress (Richard, 18/03/21). Print copy claimed from SAGE (19/11/21) (Richard)
=A02  \\$a2154294
=ACF  \\$aPrevious copyright fee: GBP5.00$c0$e01-jul-2002$fGBP5.00$g0$hC$5Uk
=ACF  \\$aCurrent copyright fee: GBP2.50$c0$e01-jul-1998$fGBP2.50$g0$hC$5Uk
=ACF  \\$aCurrent copyright fee: GBP2.30$c0$e01-apr-1997$fGBP2.30$g0$hC$5Uk
=ACF  \\$aPrevious copyright fee: GBP10.50$c0$e01-jan-2011$fGBP10.50$g0$hA$5Uk
=ACF  \\$aBritish Library not licensed to copy$c0$e07-sep-2011$hC$iTX$5Uk
=ACF  \\$aPrevious copyright fee: GBP30.77$c19\0$e08-jan-2019$fGBP30.77$g0$hP$5Uk
=ACF  \\$aBritish Library not licensed to copy$c0$e01-jul-2013$hC$iCFP Excluded$5Uk
=ACF  \\$aBritish Library not licensed to copy$c0$e01-apr-2013$hC$iCFP Excluded$5Uk
=ACF  \\$aPrevious copyright fee: GBP27.69$c19\0$e18-apr-2019$fGBP27.69$g0$hP$5Uk
=ACF  \\$aPrevious copyright fee: GBP29.08$c19\0$e01-jul-2019$fGBP29.08$g0$hP$5Uk
=ACF  \\$aPrevious copyright fee: GBP30.24$c19\0$e01-oct-2019$fGBP30.24$g0$hP$5Uk
=ACF  \\$aPrevious copyright fee: GBP30.29$c19\0$e01-apr-2020$fGBP30.29$g0$hP$5Uk
=ACF  \\$aPrevious copyright fee: GBP31.50$c19\0$e01-jul-2020$fGBP31.50$g0$hP$5Uk
=ACF  \\$aPrevious copyright fee: GBP29.17$c19\0$e01-apr-2021$fGBP29.17$g0$hP$5Uk
=ACF  \\$aPrevious copyright fee: GBP28.13$c19\0$e07-jul-2021$fGBP28.13$g0$hP$5Uk
=CAT  \\$aCONV$b00$c20040425$lBLL90$h0710
=CAT  \\$aIPL-CLA$c20130701$lBLL01$h0020
=CAT  \\$a8456$b40$c20140613$lBLL01$h1207
=CAT  \\$aBATCH-MBS$c20140620$lBLL01$h2141
=CAT  \\$a5552$b40$c20190108$lBLL01$h1333
=CAT  \\$aBLDSS-3PM$b00$c20190115$lBLL01$h1424
=CAT  \\$aBATCH-UPD$b00$c20190115$lBLL01$h1428
=CAT  \\$a5552$b40$c20190418$lBLL01$h0822
=CAT  \\$aBATCH-UPD$b40$c20190521$lBLL01$h1406
=CAT  \\$aIPL-CLA$c20190630$lBLL01$h1528
=CAT  \\$aBATCH-UPD$b00$c20190829$lBLL01$h1514
=CAT  \\$aIPL-CLA$c20190930$lBLL01$h1631
=CAT  \\$aBATCH-UPD$b00$c20200219$lBLL01$h1507
=CAT  \\$aIPL-CLA$c20200331$lBLL01$h1607
=CAT  \\$aBATCH-UPD$b00$c20200522$lBLL01$h1445
=CAT  \\$aIPL-CLA$c20200701$lBLL01$h0049
=CAT  \\$aBATCH-UPD$b00$c20210226$lBLL01$h1026
=CAT  \\$a10806$b40$c20210318$lBLL01$h1403
=CAT  \\$aIPL-CLA$c20210331$lBLL01$h1657
=CAT  \\$aBATCH-UPD$b00$c20210707$lBLL01$h1550
=CAT  \\$aIPL-CLA$c20210707$lBLL01$h1842
=CAT  \\$a10806$b40$c20211119$lBLL01$h0800
=CAT  \\$aBATCH-UPD$b40$c20220520$lBLL01$h1637
=CAT  \\$aIPL-CLA$c20220630$lBLL01$h1535
=CAT  \\$aBATCH-UPD$b00$c20220824$lBLL01$h0903
=CAT  \\$aIPL-CLA$c20220930$lBLL01$h1424
=CFI  0\$aCurrent copyright fee: GBP32.82$c19\0$e01-oct-2022$fGBP32.82$g0$hP$5Uk
=CFI  2\$aPrevious copyright fee: GBP31.50$c19\0$e01-jul-2022$fGBP31.50$g0$hP$5Uk
=FFP  \\$aY$bBLDSS-3PM
=FIN  \\$aY
=FMT  \\$a  SE
=LAS  \\$aIPL-CLA$b00$c20220930$lBLL01$h1424
=LEO  \\$aMP13.0000853599
=LEO  \\$aMP10.0000528317
=SRC  \\$aHSS01$bbibmp13.200404.2.ab
=SRC  \\$aDSS01$bbibmp10.200404.2.aa
=TCO  \\$aXXX$c008
=TOC  \\$aETOC
=UNO  \\$aY

