=LDR  04142cas a2200973 a 4500
=001  009877059
=003  Uk
=005  20230511162659.0
=007  ta
=008  040410d19712010gw\fr\p\\\\\\\0\\\b0ger\\
=019  c\$a2303651
=019  x\$a3041060035
=022  0\$a0342-8427
=040  \\$aUk$cUk$dUk$dUk
=082  04$a948.005$219
=222  \0$aSkandinavistik
=245  00$aSkandinavistik :$bZeitschrift für Sprache, Literatur und Kultur der nordischen Länder.
=260  \\$aGlückstadt :$bVerlag J.J. Augustin,$c1971-2010.
=260  3\$3-2010$aBerlin :$bDe Gruyter
=300  \\$a40 v. ;$c23 cm.
=336  \\$atext$2rdacontent
=337  \\$aunmediated$2rdamedia
=338  \\$avolume$2rdacarrier
=362  0\$aJahrg. 1, Hft. 1 (Mai 1971)-Vols. 38/39/40 (2008/2009/2010).
=515  \\$aVol. 1, no. 1 preceded by a number dated Nov. 1970.
=515  \\$aVols. 38, 39 and 40 combined for final issue.
=540  \\$aCurrent Copyright Fee: GBP27.00$c56\0$5Uk
=550  \\$aIssued by Nordisches Institut der Universität Kiel.
=555  \\$a1970-75, with 1970-75.
=595  \\$aSEE ALSO SERIAL RECORDS TAY.
=650  \0$aScandinavian literature$xHistory and criticism.
=651  \0$aScandinavia$vPeriodicals.
=710  2\$aUniversität Kiel.$bNordisches Institut.
=785  00$tEuropean journal of Scandinavian studies$x2191-9399
=852  41$aBritish Library$bHMNTS$jP.901/722.$3Jahrg. 1, Hft. 1 (Mai 1971)-v. 38/39/40 (2008/2009/2010)
=856  \\$31850-9999$uhttp://www.degruyter.com/$xBLDSS
=945  \\$aSKANDINAVISTIK -GLUCKSTADT-.
=963  \\$aVOL. 1, 1970- *A=1$bY$cP752.C.16
=979  \\$aBritish Library$bDSC$j8294.977000N
=985  \\$aCorrected by MS generated file for WR# 12.018
=985  \\$aISSN record for succeeding title shows that 'Skandinavistik' has merged with 'Tijdschrift voor Skandinavistiek' ISSN 0168-2148 to form 'European journal of Scandinavian studies' - please check on completion of C/T (Richard (Leeds), Serials Cataloguing, 23/03/12)
=985  \\$aRecord merged by DQ team
=A02  \\$a2303651
=ACF  \\$aPrevious copyright fee: GBP12.00$c0$e01-jan-2012$fGBP12.00$g0$hA$5Uk
=ACF  \\$aPrevious copyright fee: GBP5.00$c0$e01-jul-2002$fGBP5.00$g0$hC$5Uk
=ACF  \\$aCurrent copyright fee: GBP4.40$c0$e01-jul-1998$fGBP4.40$g0$hA$5Uk
=ACF  \\$aCurrent copyright fee: GBP4.20$c0$e01-apr-1997$fGBP4.20$g0$hA$5Uk
=ACF  \\$aPrevious copyright fee: GBP10.50$c0$e01-jan-2011$fGBP10.50$g0$hA$5Uk
=CAT  \\$aCONV$b00$c20040425$lBLL90$h0710
=CAT  \\$aCONV$b00$c20040502$lBLL01$h1341
=CAT  \\$c20041009$lBLL01$h2009
=CAT  \\$a8874$b40$c20090416$lBLL01$h0826
=CAT  \\$aBATCH$b00$c20091209$lBLL01$h2352
=CAT  \\$aBATCH$b00$c20091214$lBLL01$h0540
=CAT  \\$aBATCH$b00$c20091216$lBLL01$h0136
=CAT  \\$aBATCH-UPD$b00$c20101201$lBLL01$h1228
=CAT  \\$aIPL-CLA$c20101231$lBLL01$h1327
=CAT  \\$aWR11_203$c20111204$lBLL01$h1358
=CAT  \\$aIPL-CLA$c20111230$lBLL01$h1827
=CAT  \\$a10806$b40$c20120323$lBLL01$h1511
=CAT  \\$aBLSS-CORR$b00$c20120724$lBLL01$h1757
=CAT  \\$aBATCH-CLA$b00$c20121105$lBLL01$h1751
=CAT  \\$aWR13.005$c20130323$lBLL01$h1402
=CAT  \\$aBATCH-CLA$c20131218$lBLL01$h2235
=CAT  \\$aIPL-CLA$c20131231$lBLL01$h2051
=CAT  \\$a5552$b40$c20140305$lBLL01$h1559
=CAT  \\$aBLDSS-3PM$b00$c20150111$lBLL01$h1519
=CAT  \\$aBATCH-UPD$b00$c20160413$lBLL01$h1808
=CAT  \\$aBATCH-UPD$b00$c20160524$lBLL01$h2235
=CAT  \\$aBATCH-UPD$b00$c20160525$lBLL01$h0418
=CAT  \\$a5410$b40$c20170124$lBLL01$h1108
=CAT  \\$aBATCH-FIX$c20230511$lBLL01$h1626
=CFI  0\$aCurrent copyright fee: GBP27.00$c56\0$e05-mar-2014$fGBP27.00$g0$hP$5Uk
=CFI  2\$aPrevious Copyright Fee: GBP12.30$c0$e01-jan-2014$fGBP12.30$g0$hA$5Uk
=FFP  \\$aY$bBLDSS-3PM
=FIN  \\$aY
=FMT  \\$a  SE
=LAS  \\$aBATCH-FIX$b00$c20230511$lBLL01$h1626
=LEO  \\$aMP10.0000536601
=LEO  \\$aMP1.0003629589
=SRC  \\$aBLS01$bbibmp1.200404.2.ad
=SRC  \\$aDSS01$bbibmp10.200404.2.aa
=TCO  \\$aDEU$bVG WORT$c008
=UNO  \\$aY

