=LDR  02079cas a2200613 a 4500
=001  009908243
=003  Uk
=005  20081125080025.0
=006  aac\\|||||||||||||
=007  ta
=008  000925c19999999enkbr\p\\\\\\\0\\\a0eng\\
=015  \\$aGBA051978$2bnb
=019  y\$abA051978
=019  9\$abA051978
=019  1\$abA051978
=022  0\$y0965-2809
=039  0\$a2611
=040  \\$aUk$cUk$dUk
=041  0\$aeng$bara
=082  04$a338.470009536$221
=245  00$aGulf industry =$bal-Sinā'ah al-Khalījīyah.
=246  11$aSinā'ah al-Khalījīyah
=260  \\$aManama ;$aTeddington :$bAl Hilal,$c1999-
=300  \\$av. :$bcol. ill., ports. ;$c29 cm.
=310  \\$aSix issues yearly
=336  \\$atext$2rdacontent
=337  \\$aunmediated$2rdamedia
=338  \\$avolume$2rdacarrier
=362  0\$aJan./Feb. 1999-
=546  \\$aText in English, some sections also in Arabic.
=650  \0$aIndustries$zPersian Gulf Region$vPeriodicals.
=690  7\$aManagement and Business Studies$2blcoll
=780  00$tGulf industry & Saudi Arabia review$x0965-2809
=852  41$aBritish Library$bHMNTS$jZK.9.b.12594$3Jan./Feb. 1999- vol. 31 issue 12 (Dec.2022)
=985  \\$aISSN UK Centre record is a separate record as key title differs from title proper and the Key title has not changed.
=985  \\$aRecord merged by DQ team
=CAT  \\$aCONV$b00$c20040425$lBLL90$h0723
=CAT  \\$aCONV$b00$c20040502$lBLL01$h1342
=CAT  \\$a11316$b40$c20071023$lBLL01$h1132
=CAT  \\$a11316$b40$c20071023$lBLL01$h1147
=CAT  \\$a8874$b40$c20081125$lBLL01$h0759
=CAT  \\$a8874$b40$c20081125$lBLL01$h0800
=CAT  \\$aBATCH$b00$c20090619$lBLL01$h1805
=CAT  \\$aBATCH$b00$c20091209$lBLL01$h2356
=CAT  \\$aWR14_140$c20140905$lBLL01$h1737
=FIN  \\$aY
=FMT  \\$a  SE
=LAS  \\$aWR14_140$b00$c20140905$lBLL01$h1737
=LEO  \\$aMP5.0001457920
=LEO  \\$aMP13.0000226787
=SRC  \\$aBNB03$bbibmp5.200404.2.ac
=SRC  \\$aHSS01$bbibmp13.200404.2.aa
=SRC  \\$aDSS04$bbibld.200404.2.aa
=TCO  \\$aCLA$bCLA$c008

