=LDR  03182 as a2200757ua 4500
=001  009912536
=003  Uk
=005  20080110133320.0
=006  aa\\\|||||||||||||
=007  ta
=008  020211d19992000enkq|2\|||\\\||\\\a0eng\\
=015  \\$aGBA158373$2bnb
=019  y\$abA158373
=019  9\$abA158373
=019  1\$abA158373
=022  0\$a1475-5777$202
=039  0\$a2663
=040  \\$aUk$cUk
=082  04$a368.4$221
=222  \0$aIncome support summary statistics
=245  00$aIncome support summary statistics.
=246  03$aIncome support
=260  \\$aBelfast (Room 1, Annexe 1, Castle Buildings, Stormont Estate, Belfast BT4 3UD) :$bDept. for Social Development, Statistics & Research Branch,$c1999-2000.
=300  \\$av. :$bill. ;$c31 cm.
=310  \\$aAnnual
=336  \\$atext$2rdacontent
=337  \\$aunmediated$2rdamedia
=338  \\$avolume$2rdacarrier
=362  0\$aMay 1999-May 2000.
=500  \\$aRunning title: Income support.
=580  \\$aMerged with : Incapacity Benefit and Severe Disablement Allowance summary statistics, and : Jobseekeer's Allowance summary statistics, and : Disability Living Allowance, Attendance Allowance, Invalid Care Allowance summary statistics, to form : Northern Ireland summary of social security statistics.
=650  \0$aInsurance, Government$zNorthern Ireland$vStatistics$vPeriodicals.
=650  \0$aPoor$zNorthern Ireland$vPeriodicals.
=690  7\$aManagement and Business Studies$2blcoll
=690  7\$aSocial Welfare$2blcoll
=785  07$tIncapacity benefit and severe disablement allowance$x1475-5750
=785  07$tJobseeker's allowance summary statistics$x1475-5769
=785  07$tDisability living allowance, attendance allowance, invalid care allowance$x1475-5491
=785  07$tNorthern Ireland summary of social security statistics (Print)$x1476-2463
=852  41$aBritish Library$bHMNTS$jOPA.9.x.38$3May 1999-May 2000
=958  \\$aSPIS National Statistics Collection
=985  \\$aISSN Centre note: Online version made available 2003- , not as a direct continuation of the print version - sf 10.01.08
=CAT  \\$aCONV$b00$c20040425$lBLL90$h0723
=CAT  \\$aCONV$b00$c20040502$lBLL01$h1342
=CAT  \\$aglobal_upd$b40$c20060417$lBLL01$h1720
=CAT  \\$a11316$b40$c20080110$lBLL01$h1232
=CAT  \\$a11316$b40$c20080110$lBLL01$h1327
=CAT  \\$a11316$b40$c20080110$lBLL01$h1333
=CAT  \\$aBATCH$b00$c20090619$lBLL01$h1806
=CAT  \\$aWR09-126
=CAT  \\$aBATCH-UPD$b00$c20090904$lBLL01$h1717
=CAT  \\$aBATCH$b00$c20091122$lBLL01$h1259
=CAT  \\$aBATCH$b00$c20110625$lBLL01$h0419
=CAT  \\$aBATCH-SWP4$c20110627$lBLL01$h1455
=CAT  \\$aWR14_140$c20140905$lBLL01$h1738
=FIN  \\$aY
=FMT  \\$a  SE
=LAS  \\$aWR14_140$b00$c20140905$lBLL01$h1738
=LEO  \\$aMP5.0001469188
=LEO  \\$aMP13.0000231285
=LEO  \\$aMP22.0000067956
=LKR  \\$aPAR$b009913835$r785$mIncome support summary statistics.$nNorthern Ireland summary of social security statistics.
=SRC  \\$aBNB03$bbibmp5.200404.2.ac
=SRC  \\$aHSS01$bbibmp13.200404.2.aa
=SRC  \\$aISN01$bbibmp22.200404.2.aa
=TCO  \\$aCLA$bCLA$c008

