=LDR  02668cas a2200649 a 4500
=001  009915582
=003  Uk
=005  20220706114233.0
=006  aa\\\|||||||||||||
=007  ta
=008  021008d20022015enkar\\\\\\\\\0\\\a0eng\\
=015  \\$aGBA267673$2bnb
=019  y\$abA267673
=019  9\$abA267673
=019  1\$abA267673
=022  0\$a1478-9353$202
=039  0\$a2713
=040  \\$aUk$cUk
=082  04$a636.0832$221
=130  0\$aNewsletter (Humane Slaughter Association (1986-))
=222  \0$aNewsletter - Humane Slaughter Association (1986-)
=245  10$aNewsletter.
=260  \\$aWheathampstead (The Old School, Brewhouse Hill, Wheathampstead, Herts AL4 8AN) :$bHSA,$c2002-
=300  \\$av. :$bill. ;$c30 cm.
=310  \\$aAnnual
=336  \\$atext$2rdacontent
=337  \\$aunmediated$2rdamedia
=338  \\$avolume$2rdacarrier
=362  0\$aNo. 24 (Mar. 2002)-
=610  20$aHumane Slaughter Association (1986-)$vPeriodicals.
=650  \0$aAnimal welfare$vPeriodicals.
=650  \0$aSlaughtering and slaughter-houses$vPeriodicals.
=710  2\$aHumane Slaughter Association (1986-)
=780  00$aCJA and HSA newsletter$x0263-1407
=852  41$aBritish Library$bHMNTS$jP.2000/955
=985  \\$a2016 queried as a C/T since the word "Newsletter" has been dropped from the title. (see http://www.hsa.org.uk/publications/newsletters--annual-reports). Despite the welcome column on the publication referring to "the new-look spring newsletter", this would constitute a major title change. However, since an ISSN is involved and to avoid a potential reversion of title if "newsletter" reappears next year, decision made to wait and see what happens in 2017. 2017 appearance exactly the same, so major C/T carried out. 13.6.2017
=CAT  \\$aCONV$b00$c20040425$lBLL90$h0723
=CAT  \\$aCONV$b00$c20040502$lBLL01$h1342
=CAT  \\$aWR09-126
=CAT  \\$aBATCH-UPD$b00$c20090904$lBLL01$h1717
=CAT  \\$aBATCH$b00$c20091122$lBLL01$h1300
=CAT  \\$a8456$b40$c20130703$lBLL01$h1508
=CAT  \\$aWR14_140$c20140905$lBLL01$h1739
=CAT  \\$a8483$b40$c20160419$lBLL01$h1032
=CAT  \\$a8483$b40$c20170613$lBLL01$h1337
=CAT  \\$a7764$b40$c20220706$lBLL01$h1142
=FIN  \\$aY
=FMT  \\$a  SE
=LAS  \\$a7764$b40$c20220706$lBLL01$h1142
=LEO  \\$aMP5.0000015168
=LEO  \\$aMP13.0000234445
=LEO  \\$aMP22.0000070060
=LKR  \\$aPAR$b011173604$lBLL01$r78000$mNewsletter (Humane Slaughter Association (1986-))$nCJA and HSA newsletter
=SRC  \\$aBNB03$bbibmp5.200404.2.aa
=SRC  \\$aISN01$bbibmp22.200404.2.aa
=SRC  \\$aHSS01$bbibmp13.200404.2.aa
=TCO  \\$aCLA$bCLA$c008

