=LDR  01845 as a2200505 a 4500
=001  009916378
=003  Uk
=005  20070713134607.0
=006  aa\\\|||||||||||||
=008  021125c19969999enk|||p|||\\\\0\\\|0eng\\
=015  \\$aGBA280165$2bnb
=019  y\$abA280165
=019  9\$abA280165
=019  1\$abA280165
=039  0\$a2720
=040  \\$aUk$cUk
=082  04$a004.1605$221
=245  00$aPC office :$bthe magazine for small business and the home-based office.
=250  \\$aCD-ROM series.
=260  \\$aBournemouth :$bParagon,$c[1996?]-
=300  \\$av. :$bcol. ill. ;$c30 cm. +$eCD-ROMs.
=336  \\$atext$2rdacontent
=337  \\$aunmediated$2rdamedia
=338  \\$avolume$2rdacarrier
=362  0\$aNo. 1 ([1996?])-
=500  \\$aDescription based on: No. 9.
=650  \0$aMicrocomputers$vPeriodicals.
=650  \0$aComputer software$vPeriodicals.
=852  41$aBritish Library$bHMNTS$jCDS.9.b.134$3No. 9 [1996]
=985  \\$aCopy is printing ISSN 1355-6231 which was assigned to "CD-ROM series" (for which there is an ISSN record sys no. 010822941). However as there is no evidence of other titles in this series and the ISSN was probably only used to solve a barcode problem, it has not been included in this record as a series ISSN.
=CAT  \\$aCONV$b00$c20040425$lBLL90$h0723
=CAT  \\$aCONV$b00$c20040502$lBLL01$h1342
=CAT  \\$a8483$b40$c20070713$lBLL01$h1331
=CAT  \\$a8483$b40$c20070713$lBLL01$h1346
=CAT  \\$aBATCH$b00$c20091122$lBLL01$h1301
=CAT  \\$aWR14_140$c20140905$lBLL01$h1739
=FIN  \\$aY
=FMT  \\$a  SE
=LAS  \\$aWR14_140$b00$c20140905$lBLL01$h1739
=LEO  \\$aMP5.0000016870
=LEO  \\$aMP13.0000235261
=SRC  \\$aBNB03$bbibmp5.200404.2.aa
=SRC  \\$aHSS01$bbibmp13.200404.2.aa
=SRC  \\$aDSS04$bbibld.200404.2.aa
=TCO  \\$aCLA$bCLA$c008

