=LDR  02163 as a2200649 a 4500
=001  009918057
=003  Uk
=005  20060331095814.0
=006  aa\\\|||||||||||||
=007  ta
=008  030604d20012003enkar\p\\\\\\\0\\\a0eng\\
=015  \\$aGBA329654$2bnb
=019  y\$abA329654
=019  9\$abA329654
=019  1\$abA329654
=022  0\$a1475-3375
=039  0\$a2739
=040  \\$aUk$cUk$dUk
=082  04$a378.1550941$221
=222  \0$aPostgraduate UK
=245  00$aPostgraduate UK.
=246  1\$iMinor title change:$aPostgrad UK$f2003
=260  \\$aLondon :$bHobsons.
=300  \\$av. :$bcol. ill. ;$c30 cm.
=336  \\$atext$2rdacontent
=337  \\$aunmediated$2rdamedia
=338  \\$avolume$2rdacarrier
=362  0\$a2001/2002-2003
=500  \\$a"The official British Council review for international students"-spine.
=500  \\$aIssues from 2003- have title: Postgrad UK.
=500  \\$aDescription based on: Issue 2 (2000)
=650  \0$aUniversities and colleges$zGreat Britain$xGraduate work$vPeriodicals.
=650  \0$aForeign study$zGreat Britain$vPeriodicals.
=710  2\$aBritish Council.
=785  00$tHobson's postgrad guide$x1750-6964
=852  41$aBritish Library$bHMNTS$jZK.9.a.8183$32001/2002-2003
=985  \\$aISSN - Two separate ISSN records exist for this publication and the minor title change.
=CAT  \\$aCONV$b00$c20040425$lBLL90$h0723
=CAT  \\$aCONV$b00$c20040502$lBLL01$h1343
=CAT  \\$a11439$b40$c20051019$lBLL01$h1111
=CAT  \\$a11439$b40$c20051019$lBLL01$h1112
=CAT  \\$a11439$b40$c20051019$lBLL01$h1114
=CAT  \\$a11316$b40$c20060309$lBLL01$h1013
=CAT  \\$a11316$b40$c20060309$lBLL01$h1020
=CAT  \\$a11439$b40$c20060331$lBLL01$h0958
=CAT  \\$aWR09-126
=CAT  \\$aBATCH-UPD$b40$c20090904$lBLL01$h1718
=CAT  \\$aWR14_140$c20140905$lBLL01$h1739
=FIN  \\$aY
=FMT  \\$a  SE
=LAS  \\$aWR14_140$b00$c20140905$lBLL01$h1739
=LEO  \\$aMP5.0000021066
=LEO  \\$aMP13.0000237029
=SRC  \\$aDSS04$bbibld.200404.2.aa
=SRC  \\$aBNB03$bbibmp5.200404.2.aa
=SRC  \\$aHSS01$bbibmp13.200404.2.aa
=TCO  \\$aCLA$bCLA$c008

