=LDR  05724 as a2201225 a 4500
=001  009919890
=003  Uk
=005  20210331183700.0
=006  aa\\\|||||||||||||
=007  ta
=008  031015d1989199uenkuu\\\\\\\\o0\\\a0eng\\
=015  \\$aGBA373515$2bnb
=019  y\$abA373515
=019  9\$abA373515
=019  1\$abA373515
=019  c\$a2399144
=022  0\$a0959-5996
=039  0\$a2764
=040  \\$aUk$cUk$dUk
=082  04$a388.4094105$221
=110  1\$aGreat Britain.$bTraffic Advisory Unit.
=210  0\$aTraffic advis. leafl.
=222  \0$aTraffic advisory leaflet
=245  10$aTraffic advisory leaflet /$cDepartment for Transport, Traffic Advisory Unit.
=260  \\$aLondon :$bDepartment for Transport.
=300  \\$av. :$bcol. ill. ;$c30 cm.
=336  \\$atext$2rdacontent
=337  \\$aunmediated$2rdamedia
=338  \\$avolume$2rdacarrier
=500  \\$aBegan in 1989?.
=500  \\$aDescription based on: 02/6.
=540  \\$aCurrent Copyright Fee: GBP0.00$c0$5Uk
=595  \\$aFORMERLY 8881.6505 CHANGE BETWEEN 2/88, 1988 AND 1/89, 1989 CONTD AS 8881.65029 CHANGE BETWEEN 2/94, 1994 AND 11/97, 1997 DO NOT CONFUSE WITH 8881.65045 PASS ALL UNSATISFIED REQUESTS TO SPECIAL ACQS SEE ALSO OFFICIAL PUBLICATIONS CH.
=650  \0$aTraffic engineering$zGreat Britain$vPeriodicals.
=780  00$tTraffic Advisory Unit leaflet
=852  41$aBritish Library$bDSC$j8881.650300$31/89, 1989; 3/89, 1989- 2/94, 1994
=852  41$aBritish Library$bHMNTS$jBS.43/724
=945  \\$aTRAFFIC ADVISORY LEAFLET- DEPARTMENT OF TRANSPORT.
=959  \\$fHeld but not currently received
=963  \\$aNO. 1/93, 1993- *A=1$bN$cOP.1100.102.0226
=985  \\$aRecord merged by DQ team
=985  \\$aISSN Centre note: Has separate ISSN record as ISSN title changes do not follow the BL collection records.
=ACF  \\$aPrevious Copyright Fee: GBP12.00$c0$e01-apr-2012$fGBP12.00$g0$hC$5Uk
=ACF  \\$aPrevious Copyright Fee: GBP12.00$c0$e01-jan-2012$fGBP12.00$g0$hC$5Uk
=ACF  \\$aPrevious Copyright Fee: GBP10.50$c0$e01-oct-2011$fGBP10.50$g0$hC$5Uk
=ACF  \\$aPrevious Copyright Fee: GBP10.50$c0$e01-jul-2011$fGBP10.50$g0$hC$5Uk
=ACF  \\$aPrevious Copyright Fee: GBP10.50$c0$e01-apr-2011$fGBP10.50$g0$hC$5Uk
=ACF  \\$aPrevious Copyright Fee: GBP10.50$c0$e01-jan-2011$fGBP10.50$g0$hC$5Uk
=ACF  \\$aPrevious Copyright Fee: GBP9.00$c0$e01-oct-2010$fGBP9.00$g0$hC$5Uk
=ACF  \\$aPrevious Copyright Fee: GBP9.00$c0$e01-jul-2010$fGBP9.00$g0$hC$5Uk
=ACF  \\$aPrevious Copyright Fee: GBP9.00$c0$e01-apr-2010$fGBP9.00$g0$hC$5Uk
=ACF  \\$aPrevious Copyright Fee: GBP9.00$c0$e01-Jan-2010$fGBP9.00$g0$hC$5Uk
=ACF  \\$aPrevious Copyright Fee: GBP6.00$c0$e01-oct-2009$fGBP6.00$g0$hC$5Uk
=ACF  \\$aPrevious Copyright Fee: GBP6.00$c0$e01-jul-2009$fGBP6.00$g0$hC$5Uk
=ACF  \\$aPrevious Copyright Fee: GBP6.00$c0$e01-apr-2009$fGBP6.00$g0$hC$5Uk
=ACF  \\$aPrevious Copyright Fee: GBP6.00$c0$e01-jan-2009$fGBP6.00$g0$hC$5Uk
=ACF  \\$aPrevious Copyright Fee: GBP6.00$c0$e01-oct-2008$fGBP6.00$g0$hC$5Uk
=ACF  \\$aPrevious Copyright Fee: GBP6.00$c0$e01-jul-2008$fGBP6.00$g0$hC$5Uk
=ACF  \\$aPrevious Copyright Fee: GBP6.00$c0$e01-apr-2008$fGBP6.00$g0$hC$5Uk
=ACF  \\$aPrevious Copyright Fee: GBP6.00$c0$e01-jan-2008$fGBP6.00$g0$hC$5Uk
=ACF  \\$aPrevious Copyright Fee: GBP5.00$c0$e01-oct-2007$fGBP5.00$g0$hC$5Uk
=ACF  \\$aPrevious Copyright Fee: GBP12.00$c0$e01-jul-2012$fGBP12.00$g0$hC$5Uk
=ACF  \\$aPrevious Copyright Fee: GBP12.00$c0$e01-oct-2012$fGBP12.00$g0$hC$5Uk
=ACF  \\$aPrevious Copyright Fee: GBP12.30$c0$e01-jan-2014$fGBP12.30$g0$hC$5Uk
=ACF  \\$aPrevious Copyright Fee: GBP15.00$c0$e01-jan-2017$fGBP15.00$g0$hC$5Uk
=ACF  \\$aPrevious Copyright Fee: GBP17.50$c0$e01-jan-2018$fGBP17.50$g0$hC$5Uk
=ACF  \\$aPrevious Copyright Fee: GBP20.00$c0$e01-jan-2020$fGBP20.00$g0$hC$5Uk
=CAT  \\$aCONV$b00$c20040425$lBLL90$h0723
=CAT  \\$aIPL-CLA$c20111230$lBLL01$h1831
=CAT  \\$aBATCH-CLA$b00$c20120229$lBLL01$h1620
=CAT  \\$aIPL-CLA$c20120330$lBLL01$h1410
=CAT  \\$aBATCH-CLA$b00$c20120531$lBLL01$h1708
=CAT  \\$aIPL-CLA$c20120629$lBLL01$h1008
=CAT  \\$aBATCH-CLA$b00$c20120831$lBLL01$h1530
=CAT  \\$aIPL-CLA$c20120930$lBLL01$h2033
=CAT  \\$aBATCH-CLA$b00$c20121105$lBLL01$h1749
=CAT  \\$aBATCH-UPD$b00$c20121105$lBLL01$h2135
=CAT  \\$aWR13.005$c20130323$lBLL01$h1417
=CAT  \\$aBATCH-CLA$b00$c20131129$lBLL01$h1641
=CAT  \\$aIPL-CLA$c20131231$lBLL01$h2056
=CAT  \\$a11316$b40$c20140509$lBLL01$h0911
=CAT  \\$aWR14_140$c20140905$lBLL01$h1740
=CAT  \\$aBATCH-CLA$b00$c20161130$lBLL01$h1647
=CAT  \\$aBATCH-UPD$b00$c20161130$lBLL01$h1950
=CAT  \\$aIPL-CLA$c20161230$lBLL01$h1929
=CAT  \\$aBATCH-CLA$b00$c20171130$lBLL01$h1712
=CAT  \\$aIPL-CLA$c20171231$lBLL01$h1500
=CAT  \\$aBATCH-CLA$b00$c20191129$lBLL01$h1631
=CAT  \\$aIPL-CLA$c20191231$lBLL01$h1817
=CAT  \\$aBATCH-CLA$b00$c20201126$lBLL01$h1420
=CAT  \\$aIPL-CLA$c20201231$lBLL01$h2024
=CAT  \\$aBATCH-CLA$b00$c20210227$lBLL01$h1016
=CAT  \\$aIPL-CLA$c20210331$lBLL01$h1837
=CFI  0\$aCurrent Copyright Fee: GBP0.00$c0$e01-apr-2021$fGBP0.00$g0$hC$5Uk
=CFI  2\$aPrevious Copyright Fee: GBP22.50$c0$e01-jan-2021$fGBP22.50$g0$hC$5Uk
=FIN  \\$aY
=FMT  \\$a  SE
=LAS  \\$aIPL-CLA$b00$c20210331$lBLL01$h1837
=LEO  \\$aMP5.0000026630
=LEO  \\$aMP13.0000238971
=LEO  \\$aMP10.0000581851
=SRC  \\$aDSS01$bbibmp10.200404.2.aa
=SRC  \\$aBNB03$bbibmp5.200404.2.aa
=SRC  \\$aHSS01$bbibmp13.200404.2.aa
=TCO  \\$aCLA$bCLA$c008

