=LDR  06181cas a2201333ua 4500
=001  009920451
=003  Uk
=005  20211231153827.0
=006  aa\\\|||||||||||||
=007  ta
=008  040205d20032010enkqr\p\\\\\\\0\\\a0eng\\
=015  \\$aGBA403884$2bnb
=019  y\$abA403884
=019  9\$abA403884
=019  c\$a3013517
=019  1\$abA403884
=022  0\$a1477-3880$202
=039  0\$a2773
=040  \\$aUk$cUk$dUk
=042  \\$aukblsr
=082  04$a330.0711$222
=222  \0$aInternational review of economics education
=245  00$aInternational review of economics education.
=260  \\$aBristol (ILRT, University of Bristol, 8-10 Berkeley Sq., Bristol BS8 1HH) :$bLearning, Teaching and Support Network for Economics,$c2003-
=300  \\$av. :$bill. ;$c21 cm.
=310  \\$aTwo issues yearly
=336  \\$atext$2rdacontent
=337  \\$aunmediated$2rdamedia
=338  \\$avolume$2rdacarrier
=362  0\$aIssue 1 (2003)-
=362  1\$aCeased in print in 2010.
=540  \\$aCurrent copyright fee: GBP34.30$c5\1$5Uk
=595  \\$aSEE ALSO CARD INDEX.
=650  \0$aEconomics$xStudy and teaching (Higher)$vPeriodicals.
=690  7\$aManagement and Business Studies$2blcoll
=776  08$iContinued online:$tInternational review of economics education$x2352-4421
=852  41$aBritish Library$bHMNTS$jZC.9.a.6878$3Vol. 1, issue 1 (2003)-v. 9, issue 2 (2010)
=856  \\$31850-9999$uhttp://www.elsevier.com/journals$xBLDSS
=886  2\$2ukmarc$a910$b20$aLTSN$cEconomics$xSee$aLearning and Teaching Support Network.$xEconomics$z710
=886  2\$2ukmarc$a910$b20$aEconomics LTSN$xSee$aLearning and Teaching Support Network.$xEconomics$z710
=886  2\$2blmarc$a092$b00$a4547.097000n
=945  \\$aINTERNATIONAL REVIEW OF ECONOMICS EDUCATION.
=979  \\$aBritish Library$bDSC$j4547.097000N$xNot selected
=985  \\$aContinued online from 2011, (absorbed CHEER (Online)) ISSN 2053-7794 from 2010 onwards. From 2013 published by Elsevier - SF
=A02  \\$a3013517
=ACF  \\$aPrevious Copyright Fee: GBP12.00$c0$e01-apr-2012$fGBP12.00$g0$hC$5Uk
=ACF  \\$aPrevious Copyright Fee: GBP12.00$c0$e01-jan-2012$fGBP12.00$g0$hC$5Uk
=ACF  \\$aPrevious Copyright Fee: GBP10.50$c0$e01-oct-2011$fGBP10.50$g0$hC$5Uk
=ACF  \\$aPrevious Copyright Fee: GBP10.50$c0$e01-jul-2011$fGBP10.50$g0$hC$5Uk
=ACF  \\$aPrevious Copyright Fee: GBP10.50$c0$e01-apr-2011$fGBP10.50$g0$hC$5Uk
=ACF  \\$aPrevious Copyright Fee: GBP10.50$c0$e01-jan-2011$fGBP10.50$g0$hC$5Uk
=ACF  \\$aPrevious Copyright Fee: GBP9.00$c0$e01-oct-2010$fGBP9.00$g0$hC$5Uk
=ACF  \\$aPrevious Copyright Fee: GBP9.00$c0$e01-jul-2010$fGBP9.00$g0$hC$5Uk
=ACF  \\$aPrevious Copyright Fee: GBP9.00$c0$e01-apr-2010$fGBP9.00$g0$hC$5Uk
=ACF  \\$aPrevious Copyright Fee: GBP9.00$c0$e01-Jan-2010$fGBP9.00$g0$hC$5Uk
=ACF  \\$aPrevious Copyright Fee: GBP6.00$c0$e01-oct-2009$fGBP6.00$g0$hC$5Uk
=ACF  \\$aPrevious Copyright Fee: GBP8.79$c0$e01-jul-2009$fGBP8.79$g0$hC$5Uk
=ACF  \\$aPrevious Copyright Fee: GBP8.79$c0$e01-apr-2009$fGBP8.79$g0$hC$5Uk
=ACF  \\$aPrevious Copyright Fee: GBP7.69$c0$e01-jan-2009$fGBP7.69$g0$hC$5Uk
=ACF  \\$aPrevious Copyright Fee: GBP6.15$c0$e01-oct-2008$fGBP6.15$g0$hC$5Uk
=ACF  \\$aPrevious Copyright Fee: GBP6.15$c0$e01-jul-2008$fGBP6.15$g0$hC$5Uk
=ACF  \\$aPrevious Copyright Fee: GBP6.15$c0$e01-apr-2008$fGBP6.15$g0$hC$5Uk
=ACF  \\$aPrevious Copyright Fee: GBP3.50$c0$e01-jan-2008$fGBP3.50$g0$hC$5Uk
=ACF  \\$aPrevious Copyright Fee: GBP3.50$c0$e01-oct-2007$fGBP3.50$g0$hC$5Uk
=ACF  \\$aPrevious Copyright Fee: GBP3.50$c0$e01-jul-2007$fGBP3.50$g0$hC$5Uk
=ACF  \\$aPrevious Copyright Fee: GBP3.59$c0$e01-apr-2007$fGBP3.59$g0$hC$5Uk
=ACF  \\$aPrevious Copyright Fee: GBP3.78$c0$e01-jan-2007$fGBP3.78$g0$hC$5Uk
=ACF  \\$aPrevious copyright fee: GBP5.00$c0$e02-jun-2003$fGBP5.00$g0$hA$5Uk
=ACF  \\$aPrevious Copyright Fee: GBP12.00$c0$e01-oct-2012$fGBP12.00$g0$hC$5Uk
=ACF  \\$aPrevious Copyright Fee: GBP12.00$c0$e01-jul-2012$fGBP12.00$g0$hC$5Uk
=ACF  \\$aPrevious copyright fee: GBP22.50$c5\1$e11-oct-2013$fGBP22.50$g0$hP$5Uk
=ACF  \\$aPrevious copyright fee: GBP23.40$c5\1$e01-jan-2018$fGBP23.40$g0$hP$5Uk
=CAT  \\$aWR09-126
=CAT  \\$aBATCH-CLA$b00$c20120229$lBLL01$h1612
=CAT  \\$aIPL-CLA$c20120330$lBLL01$h1411
=CAT  \\$aBATCH-CLA$b00$c20120531$lBLL01$h1711
=CAT  \\$aIPL-CLA$c20120629$lBLL01$h1008
=CAT  \\$aBATCH-CLA$b00$c20120831$lBLL01$h1523
=CAT  \\$aIPL-CLA$c20120930$lBLL01$h2033
=CAT  \\$aBATCH-CLA$b00$c20121105$lBLL01$h1749
=CAT  \\$a7778$b40$c20130128$lBLL01$h1106
=CAT  \\$aWR13.005$c20130323$lBLL01$h1417
=CAT  \\$a11316$b40$c20130909$lBLL01$h1159
=CAT  \\$a5552$b40$c20131011$lBLL01$h1416
=CAT  \\$a11313$b40$c20140416$lBLL01$h0814
=CAT  \\$aWR14_140$c20140905$lBLL01$h1740
=CAT  \\$aBLDSS-3PM$b00$c20141222$lBLL01$h1710
=CAT  \\$a3072$b40$c20150330$lBLL01$h1611
=CAT  \\$a3072$b40$c20150330$lBLL01$h1647
=CAT  \\$a5552$b40$c20160322$lBLL01$h1150
=CAT  \\$aBATCH-UPD$b40$c20160413$lBLL01$h1808
=CAT  \\$aBATCH-UPD$b40$c20171121$lBLL01$h1740
=CAT  \\$aBATCH-UPD$b40$c20171121$lBLL01$h2251
=CAT  \\$aIPL-CLA$c20171231$lBLL01$h1500
=CAT  \\$aBATCH-UPD$b00$c20190521$lBLL01$h1432
=CAT  \\$aIPL-CLA$c20190630$lBLL01$h1528
=CAT  \\$aBATCH-UPD$b00$c20211119$lBLL01$h1550
=CAT  \\$aIPL-CLA$c20211231$lBLL01$h1538
=CFI  0\$aCurrent copyright fee: GBP34.30$c5\1$e01-jan-2022$fGBP34.30$g0$hP$5Uk
=CFI  2\$aPrevious copyright fee: GBP32.84$c5\1$e01-jul-2019$fGBP32.84$g0$hP$5Uk
=FFP  \\$aY$bBLDSS-3PM
=FIN  \\$aY
=FMT  \\$a  SE
=LAS  \\$aIPL-CLA$b00$c20211231$lBLL01$h1538
=LEO  \\$aMP5.0000028560
=LEO  \\$aMP10.0000297547
=LEO  \\$aMP13.0000239559
=LEO  \\$aMP22.0000069150
=SRC  \\$aBNB03$bbibmp5.200404.2.aa
=SRC  \\$aDSS01$bbibmp10.200404.2.aa
=SRC  \\$aHSS01$bbibmp13.200404.2.aa
=SRC  \\$aISN01$bbibmp22.200404.2.aa
=TCO  \\$aCLA$bCLA$c008
=TOC  \\$aETOC

