=LDR  01206 am a2200361ua 4500
=001  009997360
=003  Uk
=005  20210528202700.0
=008  811204s1980\\\\gw\\\\\||\\\\|||1\||ger\\
=019  1\$ar6300460
=040  \\$aUk$cUk
=100  10$aSelig, Wolfram.
=245  10$aChronik der Stadt München 1945-1948 /$cbearbeitet von Wolfram Selig unter Mitwirkung von Ludwig Morenz und Helmuth Stahleder.
=260  \\$aMünchen :$bStadtarchiv,$c1980.
=300  \\$a504p. :$bill., facsims.,ports. ;$c24cm.
=336  \\$atext$2rdacontent
=337  \\$aunmediated$2rdamedia
=338  \\$avolume$2rdacarrier
=653  \\$aWest Germany$aMunich$a1945-
=700  1\$aMorenz, Ludwig.
=700  1\$aStahleder, Helmuth.
=852  41$aBritish Library$bHMNTS$jX.800/30576
=957  \\$a810415P
=985  \\$aExistence of ISSN suggests further vols. may be published
=CAT  \\$aCONV$b00$c20040425$lBLL90$h0743
=CAT  \\$aCONV$b00$c20040502$lBLL01$h1345
=CAT  \\$aBATCH$b00$c20091122$lBLL01$h1322
=CAT  \\$aBATCH-UPD$b00$c20210528$lBLL01$h2027
=FIN  \\$aY
=FMT  \\$a  BK
=LAS  \\$aBATCH-UPD$b00$c20210528$lBLL01$h2027
=LEO  \\$aMP13.0000986169
=SRC  \\$aHSS01$bbibmp13.200404.2.ab

