=LDR  06710cai a2201297 a 4500
=001  010182122
=003  Uk
=005  20150121133729.0
=007  ta
=008  800402c19799999enkuu\l\\f\\\\0\\\a2eng\\
=019  c\$a2352904
=022  0\$a0144-2724
=040  \\$aUk$beng$cUk$dUk$erda
=041  1\$aeng$hara
=042  \\$aukblsr
=082  04$a346.53507$223
=210  0\$aBus. laws United Arab Emirates
=222  \0$aBusiness laws of the United Arab Emirates
=245  00$aBusiness laws of the United Arab Emirates.
=246  13$aBusiness laws of the UAE
=260  \\$aLondon :$bGraham & Trotman Limited.
=264  \1$aNew Malden, Surrey :$bLexgulf Publishers Ltd
=300  \\$av. (loose-leaf) ;$c25cm.
=310  \\$aIrregular
=336  \\$atext$2rdacontent
=337  \\$aunmediated$2rdamedia
=338  \\$avolume$2rdacarrier
=490  0\$aMiddle East business law series,$x0141-6650
=500  \\$aIncludes index.
=540  \\$aBritish Library not licensed to copy$c0$5Uk
=546  \\$aTranslated from Arabic into English.
=588  \\$aDescription based on: work updated to supplement 1 (2014).
=650  \0$aCommercial law$zUnited Arab Emirates$vHandbooks, manuals, etc.
=852  41$aBritish Library$bHMNTS$jX.0200/1193
=852  41$aBritish Library$bHMNTS$jOPL349.53508$3[Another copy].
=852  41$aBritish Library$bDSC$cV$j2934.160000$31987-1999
=945  \\$aBUSINESS LAWS OF THE UNITED ARAB EMIRATES.
=959  \\$fHeld but not currently received
=985  \\$aCorrected by BSS-generated file
=985  \\$aRecord upgraded to Integrating resource record 22/10/14, sight of supplement 1 (2014) only. It is believed that in earlier years supplements included a new title page and ISBN each year with a new edition statement, but did not require new record as were not complete reissue of contents, CS
=985  \\$aSee ALEPH BIB 16899697 for separate ISSN only record.
=A02  \\$a2352904
=ACF  \\$aBritish Library not licensed to copy$c0$e01-apr-2012$hC$iCLA Excluded$5Uk
=ACF  \\$aBritish Library not licensed to copy$c0$e01-jan-2012$hC$iCLA Excluded$5Uk
=ACF  \\$aBritish Library not licensed to copy$c0$e01-oct-2011$hC$iCLA Excluded$5Uk
=ACF  \\$aBritish Library not licensed to copy$c0$e01-jul-2011$hC$iCLA Excluded$5Uk
=ACF  \\$aBritish Library not licensed to copy$c0$e01-apr-2011$hC$iCLA Excluded$5Uk
=ACF  \\$aBritish Library not licensed to copy$c0$e01-jan-2011$hC$iCLA Excluded$5Uk
=ACF  \\$aBritish Library not licensed to copy$c0$e01-oct-2010$hC$iCLA Excluded$5Uk
=ACF  \\$aBritish Library not licensed to copy$c0$e01-jul-2010$hC$iCLA Excluded$5Uk
=ACF  \\$aBritish Library not licensed to copy$c0$e01-apr-2010$hC$iCLA Excluded$5Uk
=ACF  \\$aBritish Library not licensed to copy$c0$e01-Jan-2010$hC$iCLA Excluded$5Uk
=ACF  \\$aBritish Library not licensed to copy$c0$e01-oct-2009$hC$iCLA Excluded$5Uk
=ACF  \\$aBritish Library not licensed to copy$c0$e01-jul-2009$hC$iCLA Excluded$5Uk
=ACF  \\$aBritish Library not licensed to copy$c0$e01-apr-2009$hC$iCLA Excluded$5Uk
=ACF  \\$aBritish Library not licensed to copy$c0$e01-jan-2009$hC$iCLA Excluded$5Uk
=ACF  \\$aBritish Library not licensed to copy$c0$e01-oct-2008$hC$iCLA Excluded$5Uk
=ACF  \\$aBritish Library not licensed to copy$c0$e01-jul-2008$hC$iCLA Excluded$5Uk
=ACF  \\$aBritish Library not licensed to copy$c0$e01-apr-2008$hC$iCLA Excluded$5Uk
=ACF  \\$aBritish Library not licensed to copy$c0$e01-jan-2008$hC$iCLA Excluded$5Uk
=ACF  \\$aBritish Library not licensed to copy$c0$e01-oct-2007$hC$iCLA Excluded$5Uk
=ACF  \\$aBritish Library not licensed to copy$c0$e01-jul-2007$hC$iCLA Excluded$5Uk
=ACF  \\$aBritish Library not licensed to copy$c0$e01-apr-2007$hC$iCLA Excluded$5Uk
=ACF  \\$aBritish Library not licensed to copy$c0$e01-jan-2007$hC$iCLA Excluded$5Uk
=ACF  \\$aBritish Library not licensed to copy$c0$e01-oct-2006$hC$iCLA Excluded$5Uk
=ACF  \\$aBritish Library not licensed to copy$c0$e01-jul-2006$hC$iCLA Excluded$5Uk
=ACF  \\$aBritish Library not licensed to copy$c0$e01-apr-2006$hC$iCLA Excluded$5Uk
=ACF  \\$aBritish Library not licensed to copy$c0$e01-jan-2006$hC$iCLA Excluded$5Uk
=ACF  \\$aBritish Library not licensed to copy$c0$e01-oct-2005$hC$iCLA Excluded$5Uk
=ACF  \\$aBritish Library not licensed to copy$c0$e01-jul-2005$hC$iCLA Excluded$5Uk
=ACF  \\$aBritish Library not licensed to copy$c0$e01-apr-2005$hC$iCLA Excluded$5Uk
=ACF  \\$aBritish Library not licensed to copy$c0$e01-jan-2005$hC$iCLA Excluded$5Uk
=ACF  \\$aPrevious Copyright Fee: GBP5.00$c0$e01-oct-2004$fGBP5.00$g0$hC$5Uk
=ACF  \\$aPrevious copyright fee: GBP10.00$c0$e01-oct-2002$fGBP10.00$g0$hC$5Uk
=ACF  \\$aCurrent copyright fee: GBP5.00$c0$e01-jul-2000$fGBP5.00$g0$hC$5Uk
=ACF  \\$aCurrent copyright fee: GBP2.50$c0$e01-jul-1998$fGBP2.50$g0$hC$5Uk
=ACF  \\$aBritish Library not licensed to copy$c0$e01-jul-2012$hC$iCLA Excluded$5Uk
=CAT  \\$aCONV$b00$c20040425$lBLL90$h0848
=CAT  \\$aIPL-CLA$c20100930$lBLL01$h1505
=CAT  \\$aBATCH-CLA$b00$c20101115$lBLL01$h1548
=CAT  \\$aIPL-CLA$c20101231$lBLL01$h1331
=CAT  \\$aBATCH-CLA$b00$c20110228$lBLL01$h1546
=CAT  \\$aIPL-CLA$c20110331$lBLL01$h1443
=CAT  \\$aBATCH-CLA$b00$c20110531$lBLL01$h1643
=CAT  \\$aIPL-CLA$c20110630$lBLL01$h1524
=CAT  \\$aBATCH-CLA$b00$c20110831$lBLL01$h1802
=CAT  \\$aIPL-CLA$c20110930$lBLL01$h1525
=CAT  \\$aBATCH-CLA$b00$c20111130$lBLL01$h1152
=CAT  \\$aIPL-CLA$c20111230$lBLL01$h1832
=CAT  \\$aBATCH-CLA$b00$c20120229$lBLL01$h1559
=CAT  \\$aIPL-CLA$c20120330$lBLL01$h1411
=CAT  \\$aBATCH-CLA$b00$c20120531$lBLL01$h1715
=CAT  \\$aIPL-CLA$c20120629$lBLL01$h1009
=CAT  \\$aBATCH-CLA$b00$c20120831$lBLL01$h1546
=CAT  \\$aIPL-CLA$c20120930$lBLL01$h2034
=CAT  \\$aBATCH-CLA$b00$c20121105$lBLL01$h1748
=CAT  \\$aWR12_128$c20121113$lBLL01$h1839
=CAT  \\$aWR13.005$c20130323$lBLL01$h1518
=CAT  \\$aBATCH-CLA$b00$c20131129$lBLL01$h1652
=CAT  \\$aIPL-CLA$c20131231$lBLL01$h2058
=CAT  \\$a8124$b40$c20141022$lBLL01$h0821
=CAT  \\$a10806$b40$c20150121$lBLL01$h1337
=CAT  \\$aBATCH-UPD$b40$c20150908$lBLL01$h0955
=CFI  0\$aBritish Library not licensed to copy$c0$e01-jan-2014$hC$iCFP Excluded$5Uk
=CFI  2\$aBritish Library not licensed to copy$c0$e01-oct-2012$hC$iCFP Excluded$5Uk
=FIN  \\$aY
=FMT  \\$a  SE
=LAS  \\$aBATCH-UPD$b40$c20150908$lBLL01$h0955
=LEO  \\$aMP10.0000126111
=SRC  \\$aDSS01$bbibmp10.200404.2.aa
=TCO  \\$aCLA$bCLA$c008

