=LDR  06209cas a22012017a 4500
=001  010188821
=003  Uk
=005  20111101143134.0
=007  ta
=008  831221c18699999wlkdn\n\\\\\\\0\\\a0eng\\
=019  c\$a2308353
=022  0\$y0307-5214
=040  \\$aUk$cUk$dUk
=082  04$a072.92987$222
=210  0\$aWest. mail
=222  \0$aWestern mail
=245  00$aWestern mail.
=260  \\$aCardiff :$bWestern Mail and Echo
=336  \\$atext$2rdacontent
=337  \\$aunmediated$2rdamedia
=338  \\$avolume$2rdacarrier
=540  \\$aBritish Library not licensed to copy$c0$5Uk
=595  \\$aSEE ALSO CARD INDEX.
=651  \0$aCardiff (Wales)$vNewspapers.
=651  \0$aSouth Glamorgan (Wales)$vNewspapers.
=752  \\$aWales$bSouth Glamorgan$dCardiff.$2blnpn
=852  41$31869-1985$aBritish Library$bNPL$jNEWS97
=852  41$32010-$aBritish Library$bNPL$jNEWS.REG38
=866  \0$aNewspapers :no. 1 (1 May 1869)- ; Print issues are not available for conservation reasons where an alternative format exists. See separate record for microfilm holdings
=945  \\$aWESTERN MAIL -CARDIFF-.
=963  \\$a1968- 1997 *A=1$bN$cNPR.B.2029
=979  \\$aBritish Library$bDSC$j9301.055000N
=985  \\$aISSN UK Centre note: ISSN UK identifiers removed from this record 22/10/09. Under investigation. ISSN 0307-5214 assigned to the title before split into six regional editions in 1990s all with separate ISSN. Currently two editions East and West? New ISSN assignments needed. SF 22/10/09
=ACF  \\$aBritish Library not licensed to copy$c0$e01-apr-2012$hC$iCLA Excluded$5Uk
=ACF  \\$aBritish Library not licensed to copy$c0$e01-jan-2012$hC$iCLA Excluded$5Uk
=ACF  \\$aBritish Library not licensed to copy$c0$e01-oct-2011$hC$iCLA Excluded$5Uk
=ACF  \\$aBritish Library not licensed to copy$c0$e01-jul-2011$hC$iCLA Excluded$5Uk
=ACF  \\$aBritish Library not licensed to copy$c0$e01-apr-2011$hC$iCLA Excluded$5Uk
=ACF  \\$aBritish Library not licensed to copy$c0$e01-jan-2011$hC$iCLA Excluded$5Uk
=ACF  \\$aBritish Library not licensed to copy$c0$e01-oct-2010$hC$iCLA Excluded$5Uk
=ACF  \\$aBritish Library not licensed to copy$c0$e01-jul-2010$hC$iCLA Excluded$5Uk
=ACF  \\$aBritish Library not licensed to copy$c0$e01-apr-2010$hC$iCLA Excluded$5Uk
=ACF  \\$aBritish Library not licensed to copy$c0$e01-Jan-2010$hC$iCLA Excluded$5Uk
=ACF  \\$aBritish Library not licensed to copy$c0$e01-oct-2009$hC$iCLA Excluded$5Uk
=ACF  \\$aBritish Library not licensed to copy$c0$e01-jul-2009$hC$iCLA Excluded$5Uk
=ACF  \\$aBritish Library not licensed to copy$c0$e01-apr-2009$hC$iCLA Excluded$5Uk
=ACF  \\$aBritish Library not licensed to copy$c0$e01-jan-2009$hC$iCLA Excluded$5Uk
=ACF  \\$aBritish Library not licensed to copy$c0$e01-oct-2008$hC$iCLA Excluded$5Uk
=ACF  \\$aBritish Library not licensed to copy$c0$e01-jul-2008$hC$iCLA Excluded$5Uk
=ACF  \\$aBritish Library not licensed to copy$c0$e01-apr-2008$hC$iCLA Excluded$5Uk
=ACF  \\$aBritish Library not licensed to copy$c0$e01-jan-2008$hC$iCLA Excluded$5Uk
=ACF  \\$aBritish Library not licensed to copy$c0$e01-oct-2007$hC$iCLA Excluded$5Uk
=ACF  \\$aBritish Library not licensed to copy$c0$e01-jul-2007$hC$iCLA Excluded$5Uk
=ACF  \\$aBritish Library not licensed to copy$c0$e01-apr-2007$hC$iCLA Excluded$5Uk
=ACF  \\$aBritish Library not licensed to copy$c0$e01-jan-2007$hC$iCLA Excluded$5Uk
=ACF  \\$aBritish Library not licensed to copy$c0$e01-oct-2006$hC$iCLA Excluded$5Uk
=ACF  \\$aBritish Library not licensed to copy$c0$e01-jul-2006$hC$iCLA Excluded$5Uk
=ACF  \\$aBritish Library not licensed to copy$c0$e01-apr-2006$hC$iCLA Excluded$5Uk
=ACF  \\$aBritish Library not licensed to copy$c0$e01-jan-2006$hC$iCLA Excluded$5Uk
=ACF  \\$aBritish Library not licensed to copy$c0$e01-oct-2005$hC$iCLA Excluded$5Uk
=ACF  \\$aBritish Library not licensed to copy$c0$e01-jul-2005$hC$iCLA Excluded$5Uk
=ACF  \\$aBritish Library not licensed to copy$c0$e01-apr-2005$hC$iCLA Excluded$5Uk
=ACF  \\$aBritish Library not licensed to copy$c0$e01-jan-2005$hC$iCLA Excluded$5Uk
=ACF  \\$aBritish Library not licensed to copy$c0$e01-oct-2004$hC$iCLA Excluded$5Uk
=ACF  \\$aBritish Library not licensed to copy$c0$e01-jul-2012$hC$iCLA Excluded$5Uk
=CAT  \\$aCONV$b00$c20040425$lBLL90$h0849
=CAT  \\$aNPL-008-N$c20110504$lBLL01$h2201
=CAT  \\$aBATCH-CLA$b00$c20110531$lBLL01$h1651
=CAT  \\$aIPL-CLA$c20110630$lBLL01$h1525
=CAT  \\$aADD-NID$b00$c20110805$lBLL01$h1425
=CAT  \\$aBATCH-CLA$b00$c20110831$lBLL01$h1816
=CAT  \\$aIPL-CLA$c20110930$lBLL01$h1526
=CAT  \\$a8201$b40$c20111101$lBLL01$h1431
=CAT  \\$aWR11_021$c20111124$lBLL01$h1523
=CAT  \\$aWR11_021$c20111124$lBLL01$h1530
=CAT  \\$aBATCH-CLA$b00$c20111130$lBLL01$h1215
=CAT  \\$aIPL-CLA$c20111230$lBLL01$h1833
=CAT  \\$aBATCH-CLA$b00$c20120229$lBLL01$h1629
=CAT  \\$aIPL-CLA$c20120330$lBLL01$h1412
=CAT  \\$aBATCH-CLA$b00$c20120531$lBLL01$h1727
=CAT  \\$aIPL-CLA$c20120629$lBLL01$h1010
=CAT  \\$aWR12_095$c20120629$lBLL01$h1840
=CAT  \\$aBATCH-CLA$b00$c20120831$lBLL01$h1555
=CAT  \\$aIPL-CLA$c20120930$lBLL01$h2036
=CAT  \\$aBATCH-CLA$b00$c20121105$lBLL01$h1748
=CAT  \\$aWR12_128$c20121113$lBLL01$h1839
=CAT  \\$aWR13.005$c20130323$lBLL01$h1519
=CAT  \\$aBATCH-CLA$b00$c20131129$lBLL01$h1705
=CAT  \\$aIPL-CLA$c20131231$lBLL01$h2100
=CAT  \\$aNPL-LOCK$b77$c20140207$lBLL01$h2149
=CAT  \\$c20140214$lBLL01$h1738
=CFI  0\$aBritish Library not licensed to copy$c0$e01-jan-2014$hC$iCFP Excluded$5Uk
=CFI  2\$aBritish Library not licensed to copy$c0$e01-oct-2012$hC$iCFP Excluded$5Uk
=FIN  \\$aY
=FMT  \\$a  SE
=LAS  \\$c20140214$lBLL01$h1738
=LEO  \\$aMP10.0000609546
=LEO  \\$aMP22.0000020180
=LKR  \\$aPAR$b013890612$lBLL01$r776$mWestern mail (Print)$nWestern mail (Microfilm)
=NID  \\$aNID0000190
=SRC  \\$aDSS01$bbibmp10.200404.2.aa
=SRC  \\$aISN01$bbibmp22.200404.2.aa
=TCO  \\$aCLA$bCLA$c008

