=LDR  06218 as a2201261 a 4500
=001  010214373
=003  Uk
=005  20130318150206.0
=007  ta
=008  970910d19952011xxumr\p\\\\\\\0\\\a0eng\\
=019  c\$a2513652
=019  0\$as631578005
=022  0\$y1079-6061
=040  \\$aUk$cUk$dUk
=082  04$a617.1$221
=084  \\$aGY 10$2blsrissc
=210  0\$aJ. trauma inj. infect. crit. care
=245  04$aThe journal of trauma, injury, infection and critical care.
=260  \\$aBaltimore :$bWilliams & Wilkins,$c1995-
=300  \\$av. :$bill. ;$c28 cm.
=310  \\$aMonthly
=336  \\$atext$2rdacontent
=337  \\$aunmediated$2rdamedia
=338  \\$avolume$2rdacarrier
=362  0\$aVol. 38, no. 1 (Jan.1995)-
=500  \\$aOn cover: American Association for the Surgery of Trauma, Eastern Association for the Surgery of Trauma, Trauma Association of Canada.
=540  \\$aCurrent copyright fee: GBP39.00$c20\0$5Uk
=595  \\$aFormerly 5070.500000 up to v. 37 (1994). See also 5070.500000 for CUL Holdings.
=650  \0$aTraumatology$vPeriodicals.
=650  \0$aCritical care medicine$vPeriodicals.
=650  \0$aWounds and injuries$vPeriodicals.
=710  2\$aEastern Association for the Surgery of Trauma.
=710  2\$aTrauma Association of Canada.
=710  2\$aWestern Trauma Association.
=710  2\$aAmerican Association for the Surgery of Trauma.
=780  00$tThe journal of trauma$x0022-5282
=785  00$tJournal of trauma and acute care surgery$x2163-0755
=852  41$aBritish Library$bDSC$j5070.512000$3Vol. 38, no. 1 (1995)-v. 71, no. 6 (2011)***UKRR Retained Title***Stock Incomplete
=852  71$aBritish Library$bSTI$k(P)$hGY 10$m-E(1)$2blsrissc$3Vol. 38 (1995)-v. 71, no. 6 (2011)
=856  \\$31850-9999$uhttp://journals.lww.com$xBLDSS
=945  \\$aJournal of trauma injury infection and critical care
=959  \\$fHeld but not currently received
=985  \\$aCONFERENCE ANALYTIC RECORDS EXIST
=985  \\$aUS originally treated this as a C/T from "Journal of trauma" and assigned a new ISSN (1079-6061), but this has since been cancelled and the change treated as a minor C/T. We have left this as a major C/T, so are out of synch with the OCLC / ISSN record.
=A02  \\$a2513652
=ACF  \\$aPrevious copyright fee: GBP27.65$c20\0$e01-jul-2011$fGBP27.65$g0$hP$5Uk
=ACF  \\$aPrevious copyright fee: GBP19.35$c20\0$e01-jul-2010$fGBP19.35$g0$hP$5Uk
=ACF  \\$aPrevious copyright fee: GBP18.18$c20\0$e01-oct-2009$fGBP18.18$g0$hP$5Uk
=ACF  \\$aPrevious copyright fee: GBP21.43$c20\0$e01-apr-2009$fGBP21.43$g0$hP$5Uk
=ACF  \\$aPrevious copyright fee: GBP18.75$c20\0$e01-jan-2009$fGBP18.75$g0$hP$5Uk
=ACF  \\$aPrevious copyright fee: GBP15.00$c20\0$e01-jul-2007$fGBP15.00$g0$hP$5Uk
=ACF  \\$aPrevious copyright fee: GBP15.38$c20\0$e01-apr-2007$fGBP15.38$g0$hP$5Uk
=ACF  \\$aPrevious copyright fee: GBP16.22$c20\0$e01-oct-2006$fGBP16.22$g0$hP$5Uk
=ACF  \\$aPrevious copyright fee: GBP17.14$c20\0$e01-apr-2006$fGBP17.14$g0$hP$5Uk
=ACF  \\$aPrevious copyright fee: GBP16.67$c20\0$e01-jan-2006$fGBP16.67$g0$hP$5Uk
=ACF  \\$aPrevious copyright fee: GBP16.22$c20\0$e01-apr-2005$fGBP16.22$g0$hP$5Uk
=ACF  \\$aPrevious copyright fee: GBP16.53$c20\0$e01-jan-2005$fGBP16.53$g0$hP$5Uk
=ACF  \\$aPrevious copyright fee: GBP16.08$c20\0$e01-apr-2004$fGBP16.08$g0$hP$5Uk
=ACF  \\$aCurrent copyright fee: GBP17.50$c20\0$e01-jan-2004$fGBP17.50$g0$hP$5Uk
=ACF  \\$aCurrent copyright fee: GBP15.63$c20\0$e01-jan-2003$fGBP15.63$g0$hP$5Uk
=ACF  \\$aPrevious copyright fee: GBP36.77$c20\0$e07-may-2012$fGBP36.77$g0$hP$5Uk
=ACF  \\$aPrevious copyright fee: GBP34.55$c20\0$e01-jul-2012$fGBP34.55$g0$hP$5Uk
=ACF  \\$aPrevious copyright fee: GBP35.63$c20\0$e01-jan-2013$fGBP35.63$g0$hP$5Uk
=ACF  \\$aPrevious copyright fee: GBP36.77$c20\0$e01-jul-2013$fGBP36.77$g0$hP$5Uk
=ACF  \\$aPrevious copyright fee: GBP35.63$c20\0$e01-jan-2014$fGBP35.63$g0$hP$5Uk
=ACF  \\$aPrevious copyright fee: GBP34.55$c20\0$e01-jul-2014$fGBP34.55$g0$hP$5Uk
=ACF  \\$aPrevious copyright fee: GBP36.77$c20\0$e01-apr-2015$fGBP36.77$g0$hP$5Uk
=ACF  \\$aPrevious copyright fee: GBP38.00$c20\0$e01-jul-2015$fGBP38.00$g0$hP$5Uk
=CAT  \\$aCONV$b00$c20040425$lBLL90$h0858
=CAT  \\$aIPL-CLA$c20120629$lBLL01$h1011
=CAT  \\$aBATCH-CLA$b00$c20121105$lBLL01$h1747
=CAT  \\$aBATCH-UPD$b00$c20121121$lBLL01$h1615
=CAT  \\$aWR12_168$c20121206$lBLL01$h1835
=CAT  \\$aIPL-CLA$c20121231$lBLL01$h1256
=CAT  \\$aIPL-CLA$c20130102$lBLL01$h1704
=CAT  \\$a5997$b40$c20130318$lBLL01$h1502
=CAT  \\$aBATCH-UPD$b40$c20130522$lBLL01$h1716
=CAT  \\$aIPL-CLA$c20130701$lBLL01$h0021
=CAT  \\$aBATCH-UPD$b00$c20131119$lBLL01$h2011
=CAT  \\$aIPL-CLA$c20131231$lBLL01$h2101
=CAT  \\$aBATCH-UPD$b00$c20140527$lBLL01$h2029
=CAT  \\$aBATCH-CLA$c20140528$lBLL01$h1730
=CAT  \\$aIPL-CLA$c20140630$lBLL01$h1707
=CAT  \\$aBLDSS-3PM$b00$c20141116$lBLL01$h1731
=CAT  \\$aBATCH-UPD$b00$c20150219$lBLL01$h1723
=CAT  \\$aIPL-CLA$c20150331$lBLL01$h1624
=CAT  \\$aBATCH-UPD$b00$c20150520$lBLL01$h1733
=CAT  \\$aIPL-CLA$c20150630$lBLL01$h1637
=CAT  \\$aBATCH-UPD$b00$c20150820$lBLL01$h1826
=CAT  \\$aIPL-CLA$c20150930$lBLL01$h1751
=CAT  \\$aBATCH-UPD$b00$c20160217$lBLL01$h1714
=CAT  \\$aIPL-CLA$c20160331$lBLL01$h1710
=CAT  \\$aBATCH-UPD$b00$c20160524$lBLL01$h2155
=CAT  \\$aBATCH-UPD$b00$c20160524$lBLL01$h2235
=CFI  0\$aCurrent copyright fee: GBP39.00$c20\0$e01-apr-2016$fGBP39.00$g0$hP$5Uk
=CFI  2\$aPrevious copyright fee: GBP36.77$c20\0$e01-oct-2015$fGBP36.77$g0$hP$5Uk
=FFP  \\$aY$bBLDSS-3PM
=FIN  \\$aY
=FMT  \\$a  SE
=LAS  \\$aBATCH-UPD$b00$c20160524$lBLL01$h2235
=LEO  \\$aMP10.0000326347
=LEO  \\$aMP25.0000316432
=LKR  \\$aPAR$b010492597$lBLL01$r78000$mThe journal of trauma, injury, infection, and critical care$nThe Journal of trauma
=SRC  \\$aDSS01$bbibmp10.200404.2.aa
=SRC  \\$aSRI01$bbibmp25.200404.2.aa
=TCO  \\$aTRS$bCCC$c008
=TOC  \\$aETOC
=UNO  \\$aY

