=LDR  05370cas a2201189 a 4500
=001  010362688
=003  Uk
=005  20221231194045.0
=006  aac\\|||||||||||||
=007  ta
=008  770716c19779999ie\mr\p\\\\\\\0\\\a0eng\\
=015  \\$aGB7717363$2bnb
=019  y\$aB7717363
=019  9\$ab7717363
=019  0\$as152891005
=019  c\$a2088099
=022  0\$a0332-0197
=040  \\$aUk$cUk$dUk
=043  \\$ae-ie---
=050  00$aHD9696.C63I/
=082  04$a338.4/7/0016409417$218
=082  04$a338.4/7004/09417$219
=084  \\$aPL 50$2blsrissc
=222  \0$aIrish computer
=245  00$aIrish computer.
=260  \\$aKilliney (107 Avondale Rd, Killiney, Co. Dublin) :$bComputer Publications of Ireland,$c1977-
=300  \\$bill., ports. ;$c30cm.
=310  \\$aMonthly
=336  \\$atext$2rdacontent
=337  \\$aunmediated$2rdamedia
=338  \\$avolume$2rdacarrier
=362  0\$aVol.1, no.1- ; Mar. 1977-
=500  \\$aMonthly. - 16p. in vol.1, no.2.
=540  \\$aCurrent Copyright Fee: GBP25.00$c0$5Uk
=580  \\$aIncorporates 'Irish computer weekly', 'Computing Ireland', 'Irish data systems', 'Irish computer'.
=580  \\$aFrom vol. 34, no. 2 (Feb. 2011), bound with: ComputerScope.
=588  \\$aLatest issue consulted: vol. 34, no. 2 (Feb. 2011).
=595  \\$aSEE ALSO SERIAL RECORDS NRB.
=650  \0$aComputer industry$zIreland$xPeriodicals.
=653  \\$aIreland (Republic)$aComputer industries & trades$aSerials
=690  7\$aManagement and Business Studies$2blcoll
=777  1\$tComputerScope$x0790-7281
=780  10$tIrish computer weekly
=780  10$tComputing Ireland
=780  10$tIrish data systems
=852  41$aBritish Library$bDSC$j4571.250000$3Volol. 1, no. 19 (1978)-v. 29, no. 4 (2005)
=852  71$aBritish Library$bSTI$k(P)$hPL 50$m-E(82)$2blsrissc$3Deficient: Vol.1, no.20, 21, 1979; vol.7, no.7, 1983; vol.12, no.3, 12, 1988; vol.13, no.12, 1989: Volume 15, Number 2(1991)-Volume 29, Number 4(2005)
=886  2\$2ukmarc$a945$b00$aIrish computer weekly$xFor later issues of this periodical see$aIrish computer$z245
=886  2\$2ukmarc$a945$b00$aComputing Ireland$xFor later issues of this periodical see$aIrish computer$z245
=886  2\$2ukmarc$a945$b00$aIrish data systems$xFor later issues of this periodical see$aIrish computer$z245
=945  \\$aIRISH COMPUTER.
=958  \\$a(P) PM 50 -E(48)
=959  \\$fHeld but not currently received
=963  \\$aVOL. 1(2), 1977- *A=1$bN$cL420.B.508
=985  \\$aISSN for Irish computer being printed in Computerscope from feb. 11 in combined edition. Combined edition (where Irish Computer is stapled round ComputerScope, leaving both titles visible) is sent to one group of readers, while a second group receives ComputerScope only. Publisher is sending us the combined edition.
=ACF  \\$aPrevious copyright fee: GBP5.00$c0$e01-jul-2002$fGBP5.00$g0$hC$5Uk
=ACF  \\$aCurrent copyright fee: GBP2.50$c0$e01-jul-1998$fGBP2.50$g0$hC$5Uk
=ACF  \\$aCurrent copyright fee: GBP2.30$c0$e01-oct-1997$fGBP2.30$g0$hC$5Uk
=ACF  \\$aPrevious copyright fee: GBP10.50$c0$e01-jan-2011$fGBP10.50$g0$hA$5Uk
=ACF  \\$aPrevious copyright fee: GBP12.00$c0$e01-jan-2012$fGBP12.00$g0$hA$5Uk
=ACF  \\$aPrevious Copyright Fee: GBP12.30$c0$e01-jan-2014$fGBP12.30$g0$hA$5Uk
=ACF  \\$aPrevious Copyright Fee: GBP15.00$c0$e01-jan-2017$fGBP15.00$g0$hA$5Uk
=ACF  \\$aPrevious Copyright Fee: GBP17.50$c0$e01-jan-2018$fGBP17.50$g0$hA$5Uk
=ACF  \\$aPrevious Copyright Fee: GBP20.00$c0$e01-jan-2020$fGBP20.00$g0$hA$5Uk
=CAT  \\$aCONV$b00$c20040425$lBLL90$h0543
=CAT  \\$aCONV$b00$c20040502$lBLL01$h1358
=CAT  \\$aglobal_upd$b40$c20060417$lBLL01$h1738
=CAT  \\$aBATCH$b00$c20090619$lBLL01$h1820
=CAT  \\$aBATCH$b00$c20091210$lBLL01$h0114
=CAT  \\$a8124$b40$c20111005$lBLL01$h1544
=CAT  \\$a8124$b40$c20111006$lBLL01$h0920
=CAT  \\$a8124$b40$c20111006$lBLL01$h0938
=CAT  \\$aWR11_203$c20111204$lBLL01$h1402
=CAT  \\$aIPL-CLA$c20111230$lBLL01$h1834
=CAT  \\$aBATCH-CLA$b00$c20121105$lBLL01$h1747
=CAT  \\$aWR13.005$c20130322$lBLL01$h1919
=CAT  \\$aBATCH-CLA$c20131218$lBLL01$h2241
=CAT  \\$aIPL-CLA$c20131231$lBLL01$h2103
=CAT  \\$aWR14_140$c20140905$lBLL01$h1741
=CAT  \\$aBATCH-CLA$b00$c20161222$lBLL01$h1730
=CAT  \\$aIPL-CLA$c20161230$lBLL01$h1934
=CAT  \\$aBATCH-CLA$b00$c20171222$lBLL01$h2033
=CAT  \\$aIPL-CLA$c20171231$lBLL01$h1505
=CAT  \\$aBATCH-CLA$b00$c20191219$lBLL01$h1655
=CAT  \\$aIPL-CLA$c20191231$lBLL01$h1821
=CAT  \\$aR2001-1524$c20200127$lBLL01$h1942
=CAT  \\$aBATCH-CLA$b00$c20201204$lBLL01$h1453
=CAT  \\$aIPL-CLA$c20201231$lBLL01$h2029
=CAT  \\$aBATCH-CLA$b00$c20221221$lBLL01$h1759
=CAT  \\$aIPL-CLA$c20221231$lBLL01$h1940
=CFI  0\$aCurrent Copyright Fee: GBP25.00$c0$e01-jan-2023$fGBP25.00$g0$hA$5Uk
=CFI  2\$aPrevious Copyright Fee: GBP22.50$c0$e01-jan-2021$fGBP22.50$g0$hA$5Uk
=FIN  \\$aY
=FMT  \\$a  SE
=LAS  \\$aIPL-CLA$b00$c20221231$lBLL01$h1940
=LEO  \\$aMP10.0000302967
=LEO  \\$aMP5.0000486489
=LEO  \\$aMP25.0000053765
=SRC  \\$aDSS01$bbibmp10.200404.2.aa
=SRC  \\$aBNB03$bbibmp5.200404.2.aa
=SRC  \\$aSRI01$bbibmp25.200404.2.aa
=TCO  \\$aIRL$bICLA$c008

