=LDR  04601cas a22009497  4500
=001  010472611
=003  Uk
=005  20221231194510.0
=007  ta
=008  040409d19741983enkfr\p\\\\\\\0\\\a0eng\\
=019  c\$a2204914
=040  \\$aUk$cUk$dUk
=245  00$aAUTA review :$bthe journal of the Association of University Teachers of Accounting.
=246  3\$aAssociation of University Teachers of Accounting review
=246  30$aJournal of the Association of University Teachers of Accounting
=260  \\$aLondon :$bAcademic Press,$c1974-1983.
=300  \\$av. ;$c20-30 cm.
=310  \\$aSemiannual
=336  \\$atext$2rdacontent
=337  \\$aunmediated$2rdamedia
=338  \\$avolume$2rdacarrier
=362  0\$aVol. 8, no. 1 (autumn/winter 1974/1975)-v. 15, no. 2 (autumn 1983).
=540  \\$aCurrent Copyright Fee: GBP25.00$c0$5Uk
=580  \\$aAUTA Newsletter first appeared in July 1948; followed by AUTA News Review, vol. 1, no. 1 (Oct. 1966)-v. 7, no. 2 (spring/summer 1974); became AUTA Review in 1974 and British Accounting Review from 1984.
=588  \\$aDescription based on: volume 10, number 2 (autumn 1978).
=588  \\$aFinal issue consulted.
=595  \\$aCONTD AS 2286.864 VOL. 16, 1984- SEE ALSO SERIAL RECORDS LULS QUB MBS AND ICA.
=650  \0$aAccounting$vPeriodicals.
=650  \0$aAccounting$zGreat Britain$vPeriodicals.
=710  2\$aAssociation of University Teachers of Accounting (Great Britain)
=780  10$tAUTA news review
=785  00$tBritish accounting review$x0890-8389
=852  41$aBritish Library$bDSC$j1825.432000$3Vol. 10, no. 2 (1978)-v. 15, no. 2 (1983)***UKRR Retained Title
=945  \\$aAUTA REVIEW.
=959  \\$fHeld but not currently received
=985  \\$aField 362 statement "Vol. 1, no. 1 (Apr. 1969)-" found in ISSN record for succeeding title, British Accounting Review: source unknown (LoC?) but likely to refer to AUTA Review although this start date is incorrect; see also British Accounting Review, vol. 38, no. 2 (June 2006), p. 221.
=A02  \\$a2204914
=ACF  \\$aPrevious copyright fee: GBP9.00$c0$e01-apr-2010$fGBP9.00$g0$hA$5Uk
=ACF  \\$aPrevious copyright fee: GBP6.00$c0$e01-apr-2008$fGBP6.00$g0$hA$5Uk
=ACF  \\$aPrevious copyright fee: GBP5.00$c0$e01-jul-2002$fGBP5.00$g0$hA$5Uk
=ACF  \\$aCurrent copyright fee: GBP4.40$c0$e01-jul-1998$fGBP4.40$g0$hA$5Uk
=ACF  \\$aCurrent copyright fee: GBP4.20$c0$e01-apr-1997$fGBP4.20$g0$hA$5Uk
=ACF  \\$aPrevious copyright fee: GBP10.50$c0$e01-jan-2011$fGBP10.50$g0$hA$5Uk
=ACF  \\$aPrevious copyright fee: GBP12.00$c0$e01-jan-2012$fGBP12.00$g0$hA$5Uk
=ACF  \\$aPrevious Copyright Fee: GBP12.30$c0$e01-jan-2014$fGBP12.30$g0$hA$5Uk
=ACF  \\$aPrevious Copyright Fee: GBP15.00$c0$e01-jan-2017$fGBP15.00$g0$hA$5Uk
=ACF  \\$aPrevious Copyright Fee: GBP17.50$c0$e01-jan-2018$fGBP17.50$g0$hA$5Uk
=ACF  \\$aPrevious Copyright Fee: GBP20.00$c0$e01-jan-2020$fGBP20.00$g0$hA$5Uk
=CAT  \\$aCONV$b00$c20040425$lBLL90$h0659
=CAT  \\$aBATCH-UPD$b00$c20100401$lBLL01$h0146
=CAT  \\$aBATCH$b00$c20100401$lBLL01$h0447
=CAT  \\$aBATCH$b00$c20100401$lBLL01$h1509
=CAT  \\$aBATCH-UPD$b00$c20101124$lBLL01$h1844
=CAT  \\$aBATCH-UPD$b00$c20101125$lBLL01$h1105
=CAT  \\$aIPL-CLA$c20101231$lBLL01$h1340
=CAT  \\$aWR11_203$c20111204$lBLL01$h1406
=CAT  \\$aIPL-CLA$c20111230$lBLL01$h1841
=CAT  \\$aBATCH-CLA$b00$c20121105$lBLL01$h1745
=CAT  \\$aWR13.005$c20130322$lBLL01$h2002
=CAT  \\$aBATCH-CLA$c20131218$lBLL01$h2248
=CAT  \\$aIPL-CLA$c20131231$lBLL01$h2113
=CAT  \\$a8871$b40$c20140522$lBLL01$h1133
=CAT  \\$a8871$b40$c20140522$lBLL01$h1231
=CAT  \\$aBATCH-CLA$b00$c20161222$lBLL01$h1732
=CAT  \\$aIPL-CLA$c20161230$lBLL01$h1939
=CAT  \\$aBATCH-CLA$b00$c20171222$lBLL01$h2035
=CAT  \\$aIPL-CLA$c20171231$lBLL01$h1510
=CAT  \\$aBATCH-CLA$b00$c20191219$lBLL01$h1657
=CAT  \\$aIPL-CLA$c20191231$lBLL01$h1824
=CAT  \\$aR2001-1524$c20200127$lBLL01$h1943
=CAT  \\$aBATCH-CLA$b00$c20201204$lBLL01$h1455
=CAT  \\$aIPL-CLA$c20201231$lBLL01$h2034
=CAT  \\$aBATCH-CLA$b00$c20221221$lBLL01$h1802
=CAT  \\$aIPL-CLA$c20221231$lBLL01$h1945
=CFI  0\$aCurrent Copyright Fee: GBP25.00$c0$e01-jan-2023$fGBP25.00$g0$hA$5Uk
=CFI  2\$aPrevious Copyright Fee: GBP22.50$c0$e01-jan-2021$fGBP22.50$g0$hA$5Uk
=FIN  \\$aY
=FMT  \\$a  SE
=LAS  \\$aIPL-CLA$b00$c20221231$lBLL01$h1945
=LEO  \\$aMP10.0000084482
=SRC  \\$aDSS01$bbibmp10.200404.2.aa
=TCO  \\$aZZZ$c008

