=LDR  04968cas a2201057 a 4500
=001  010480035
=003  Uk
=005  20221231194633.0
=007  ta
=008  040409c19939999be\ar\p\\\\\\\0\\\b0ger\\
=019  c\$a2509216
=019  1\$ar6334979
=022  0\$a1783-2454
=040  \\$aUk$beng$cUk$dUk
=041  0\$ager$aeng$afre
=042  \\$aukblsr
=245  00$aJahrbuch der Europäischen Gesellschaft für die theologische Forschung von Frauen =$bYearbook of the European Society of Women in Theological Research = Annuaire de l'Association européenne des femmes pour la recherche théologique.
=246  31$aYearbook of the European Society of Women in Theological Research
=246  31$aAnnuaire de l'Association européenne des femmes pour la recherche théologique
=246  1\$iIssues 2005- have English parallel title:$aJournal of the European Society of Women in Theological Research
=260  \\$aKampen :$bKok Pharos ;$aMainz :$bMatthias-Grünewald- Verlag,$c1993-
=264  31$aLeuven, Belguim :$bPeeters Publishers
=300  \\$av. ;$c21 cm.
=310  \\$aAnnual
=336  \\$atext$2rdacontent
=337  \\$aunmediated$2rdamedia
=338  \\$avolume$2rdacarrier
=362  0\$aVol. 1-
=500  \\$aEach volume has also a distinctive title.
=540  \\$aCurrent Copyright Fee: GBP25.00$c0$5Uk
=546  \\$aArticles in German, English and French.
=588  \\$aLatest issue consulted: 21 (2013).
=650  \0$aWomen$xReligious life$zEurope$vPeriodicals.
=650  \0$aFeminism$xReligious aspects$xChristianity$vPeriodicals.
=650  \0$aFeminism$xReligious aspects$vPeriodicals.
=650  \0$aFeminist theology$zEurope$vPeriodicals.
=650  \0$aWomen and religion$zEurope$vPeriodicals.
=710  2\$aEuropäische Gesellschaft für die Theologische Forschung von Frauen.
=852  41$aBritish Library$bHMNTS$jZA.9.a.5741$3Vol. 1 (1993)-v. 30 (2022)
=945  \\$aJAHRBUCH- EUROPAISCHEN GESELLSCHAFT FUR DIE THEOLOGISCHE FORSCHUNG VON FRAUEN.
=979  \\$aBritish Library$bDSC$j4619.709000N
=985  \\$aRecord merged by DQ team
=985  \\$aISSN key title not added to record. ISSN Centre Belgium have used the English title as the key title, which resulted in a change of title from: yearbook, to: journal in 2005.
=A02  \\$a2509216
=ACF  \\$aPrevious copyright fee: GBP9.00$c0$e01-apr-2010$fGBP9.00$g0$hA$5Uk
=ACF  \\$aPrevious copyright fee: GBP6.00$c0$e01-apr-2008$fGBP6.00$g0$hA$5Uk
=ACF  \\$aPrevious copyright fee: GBP5.00$c0$e01-jul-2002$fGBP5.00$g0$hA$5Uk
=ACF  \\$aCurrent copyright fee: GBP4.40$c0$e01-jul-1998$fGBP4.40$g0$hA$5Uk
=ACF  \\$aCurrent copyright fee: GBP4.20$c0$e01-apr-1997$fGBP4.20$g0$hA$5Uk
=ACF  \\$aPrevious copyright fee: GBP10.50$c0$e01-jan-2011$fGBP10.50$g0$hA$5Uk
=ACF  \\$aPrevious copyright fee: GBP12.00$c0$e01-jan-2012$fGBP12.00$g0$hA$5Uk
=ACF  \\$aPrevious Copyright Fee: GBP12.30$c0$e01-jan-2014$fGBP12.30$g0$hA$5Uk
=ACF  \\$aPrevious Copyright Fee: GBP15.00$c0$e01-jan-2017$fGBP15.00$g0$hA$5Uk
=ACF  \\$aPrevious Copyright Fee: GBP17.50$c0$e01-jan-2018$fGBP17.50$g0$hA$5Uk
=ACF  \\$aPrevious Copyright Fee: GBP20.00$c0$e01-jan-2020$fGBP20.00$g0$hA$5Uk
=CAT  \\$aCONV$b00$c20040425$lBLL90$h0705
=CAT  \\$aBATCH-UPD$b40$c20100331$lBLL01$h2215
=CAT  \\$aBATCH-UPD$b40$c20100401$lBLL01$h0147
=CAT  \\$aBATCH$b00$c20100401$lBLL01$h0449
=CAT  \\$aBATCH$b00$c20100401$lBLL01$h1511
=CAT  \\$aBATCH-UPD$b00$c20101124$lBLL01$h1846
=CAT  \\$aBATCH-UPD$b00$c20101125$lBLL01$h1107
=CAT  \\$aIPL-CLA$c20101231$lBLL01$h1343
=CAT  \\$aWR11_203$c20111204$lBLL01$h1408
=CAT  \\$aIPL-CLA$c20111230$lBLL01$h1843
=CAT  \\$aBATCH-CLA$b00$c20121105$lBLL01$h1744
=CAT  \\$aWR13.005$c20130322$lBLL01$h2005
=CAT  \\$aBATCH-CLA$c20131218$lBLL01$h2251
=CAT  \\$aIPL-CLA$c20131231$lBLL01$h2117
=CAT  \\$a11205$b40$c20150127$lBLL01$h1216
=CAT  \\$aBATCH-CLA$b00$c20161222$lBLL01$h1733
=CAT  \\$aIPL-CLA$c20161230$lBLL01$h1941
=CAT  \\$aBATCH-CLA$b00$c20171222$lBLL01$h2036
=CAT  \\$aIPL-CLA$c20171231$lBLL01$h1511
=CAT  \\$aBATCH-CLA$b00$c20191219$lBLL01$h1658
=CAT  \\$aIPL-CLA$c20191231$lBLL01$h1826
=CAT  \\$aR2001-1524$c20200127$lBLL01$h1943
=CAT  \\$aBATCH-CLA$b00$c20201204$lBLL01$h1456
=CAT  \\$aIPL-CLA$c20201231$lBLL01$h2036
=CAT  \\$aBATCH-CLA$b00$c20221221$lBLL01$h1802
=CAT  \\$aIPL-CLA$c20221231$lBLL01$h1946
=CFI  0\$aCurrent Copyright Fee: GBP25.00$c0$e01-jan-2023$fGBP25.00$g0$hA$5Uk
=CFI  2\$aPrevious Copyright Fee: GBP22.50$c0$e01-jan-2021$fGBP22.50$g0$hA$5Uk
=FIN  \\$aY
=FMT  \\$a  SE
=LAS  \\$aIPL-CLA$b00$c20221231$lBLL01$h1946
=LEO  \\$aMP10.0000307363
=LEO  \\$aMP13.0001016751
=SRC  \\$aHSS01$bbibmp13.200404.2.ab
=SRC  \\$aDSS01$bbibmp10.200404.2.aa
=TCO  \\$aNLD$bSTICHTING REPRORECHT$c008

