=LDR  05995cas a2201261 a 4500
=001  010485902
=003  Uk
=005  20221231194744.0
=007  ta
=008  040409d19742014ja\qr\p\\\\\\\0\\\d0jpn\\
=019  c\$a2198349
=019  0\$as291279007
=022  0\$a0385-6275
=040  \\$aUk$cUk$dUk
=082  04$a548.505$222$qUK-WkNB
=084  \\$aKY 05$2blsrissc
=222  \0$aNihon Kesshō Seichō Gakkaishi
=245  00$aNihon Kesshō Seichō Gakkai shi.
=246  13$aJournal of the Japanese Association of Crystal Growth
=246  30$aNihon Kesshō Seichō Gakkaishi
=260  \\$aTōkyō :$bDō Gakkai,$c1974-[2014]
=300  \\$av. :$bill. ;$c26 cm.
=310  \\$aQuarterly
=336  \\$atext$2rdacontent
=337  \\$aunmediated$2rdamedia
=338  \\$avolume$2rdacarrier
=362  0\$aDai 1-kan, dai 1-gō (1974-nen 11-gatsu)-
=362  1\$aCeased in print with vol. 41, no. 1 (Apr 30, 2014).
=540  \\$aCurrent Copyright Fee: GBP25.00$c0$5Uk
=610  20$aNihon Kesshō Seichō Gakkai$vPeriodicals.
=650  \0$aCrystal growth$vPeriodicals.
=710  2\$aNihon Kesshō Seichō Gakkai.
=776  08$iContinued on CD-ROM:$tNihon Kesshō Seichō Gakkai shi (CD-ROM)$x2188-7268
=776  08$iContinued online:$tNihon Kesshō Seichō Gakkai shi$x2187-8366
=852  71$aBritish Library$bSTI$k(TP)$hKY 05$m-X(1)$2blsrissc$3Accompanying CD-ROM
=852  71$aBritish Library$bSTI$k(P)$hKY 05$m-X(1)$2blsrissc$3Vol. 1 (1974)-v. 41, no. 1 (2014)
=852  41$aBritish Library$bDSC$j4808.585000$3VOL. 23(4), 1996 *A=1
=945  \\$aJOURNAL- JAPANESE ASSOCIATION FOR CRYSTAL GROWTH.
=959  \\$fHeld but not currently received
=985  \\$aCorrected by MS generated file for WR# 12.018
=985  \\$aRecord merged by DQ team
=985  \\$aCeased in print info taken from ISSN record.
=A02  \\$a2198349
=ACF  \\$aPrevious Copyright Fee: GBP5.14$c0$e01-jul-2009$fGBP5.14$g0$hC$5Uk
=ACF  \\$aPrevious Copyright Fee: GBP5.14$c0$e01-apr-2009$fGBP5.14$g0$hC$5Uk
=ACF  \\$aPrevious Copyright Fee: GBP4.50$c0$e01-jan-2009$fGBP4.50$g0$hC$5Uk
=ACF  \\$aPrevious Copyright Fee: GBP3.60$c0$e01-oct-2008$fGBP3.60$g0$hC$5Uk
=ACF  \\$aPrevious Copyright Fee: GBP3.60$c0$e01-jul-2008$fGBP3.60$g0$hC$5Uk
=ACF  \\$aPrevious Copyright Fee: GBP3.60$c0$e01-apr-2008$fGBP3.60$g0$hC$5Uk
=ACF  \\$aPrevious Copyright Fee: GBP3.60$c0$e01-jan-2008$fGBP3.60$g0$hC$5Uk
=ACF  \\$aPrevious Copyright Fee: GBP3.60$c0$e01-oct-2007$fGBP3.60$g0$hC$5Uk
=ACF  \\$aPrevious Copyright Fee: GBP3.60$c0$e01-jul-2007$fGBP3.60$g0$hC$5Uk
=ACF  \\$aPrevious Copyright Fee: GBP3.69$c0$e01-apr-2007$fGBP3.69$g0$hC$5Uk
=ACF  \\$aPrevious Copyright Fee: GBP3.89$c0$e01-jan-2007$fGBP3.89$g0$hC$5Uk
=ACF  \\$aPrevious Copyright Fee: GBP3.89$c0$e01-oct-2006$fGBP3.89$g0$hC$5Uk
=ACF  \\$aPrevious Copyright Fee: GBP4.11$c0$e01-jul-2006$fGBP4.11$g0$hC$5Uk
=ACF  \\$aPrevious Copyright Fee: GBP4.11$c0$e01-apr-2006$fGBP4.11$g0$hC$5Uk
=ACF  \\$aPrevious Copyright Fee: GBP4.00$c0$e01-jan-2006$fGBP4.00$g0$hC$5Uk
=ACF  \\$aPrevious Copyright Fee: GBP3.89$c0$e01-oct-2005$fGBP3.89$g0$hC$5Uk
=ACF  \\$aPrevious Copyright Fee: GBP3.89$c0$e01-jul-2005$fGBP3.89$g0$hC$5Uk
=ACF  \\$aPrevious Copyright Fee: GBP3.89$c0$e01-apr-2005$fGBP3.89$g0$hC$5Uk
=ACF  \\$aPrevious Copyright Fee: GBP4.00$c0$e01-jan-2005$fGBP4.00$g0$hC$5Uk
=ACF  \\$aPrevious Copyright Fee: GBP3.89$c0$e01-oct-2004$fGBP3.89$g0$hC$5Uk
=ACF  \\$aPrevious copyright fee: GBP3.89$c0$e01-apr-2004$fGBP3.89$g0$hC$5Uk
=ACF  \\$aCurrent copyright fee: GBP4.24$c0$e01-jan-2004$fGBP4.24$g0$hC$5Uk
=ACF  \\$aCurrent copyright fee: GBP4.50$c0$e01-jan-2003$fGBP4.50$g0$hC$5Uk
=ACF  \\$aPrevious copyright fee: GBP10.50$c0$e01-jan-2011$fGBP10.50$g0$hA$5Uk
=ACF  \\$aPrevious copyright fee: GBP12.00$c0$e01-jan-2012$fGBP12.00$g0$hA$5Uk
=ACF  \\$aPrevious Copyright Fee: GBP12.30$c0$e01-jan-2014$fGBP12.30$g0$hA$5Uk
=ACF  \\$aPrevious Copyright Fee: GBP15.00$c0$e01-jan-2017$fGBP15.00$g0$hA$5Uk
=ACF  \\$aPrevious Copyright Fee: GBP17.50$c0$e01-jan-2018$fGBP17.50$g0$hA$5Uk
=ACF  \\$aPrevious Copyright Fee: GBP20.00$c0$e01-jan-2020$fGBP20.00$g0$hA$5Uk
=CAT  \\$aCONV$b00$c20040425$lBLL90$h0705
=CAT  \\$aBATCH$b00$c20091216$lBLL01$h0143
=CAT  \\$aBATCH-UPD$b00$c20101201$lBLL01$h1231
=CAT  \\$aIPL-CLA$c20101231$lBLL01$h1345
=CAT  \\$aWR11_203$c20111204$lBLL01$h1410
=CAT  \\$aIPL-CLA$c20111230$lBLL01$h1845
=CAT  \\$aBLSS-CORR$b00$c20120724$lBLL01$h1757
=CAT  \\$aBATCH-CLA$b00$c20121105$lBLL01$h1743
=CAT  \\$aWR13.005$c20130322$lBLL01$h2008
=CAT  \\$a8874$b40$c20131119$lBLL01$h1416
=CAT  \\$a8874$b40$c20131202$lBLL01$h0930
=CAT  \\$aBATCH-CLA$c20131218$lBLL01$h2254
=CAT  \\$aIPL-CLA$c20131231$lBLL01$h2120
=CAT  \\$a11385$b40$c20140820$lBLL01$h1538
=CAT  \\$a3072$b40$c20140827$lBLL01$h1356
=CAT  \\$aBATCH-CLA$b00$c20161222$lBLL01$h1733
=CAT  \\$aIPL-CLA$c20161230$lBLL01$h1943
=CAT  \\$aBATCH-CLA$b00$c20171222$lBLL01$h2037
=CAT  \\$aIPL-CLA$c20171231$lBLL01$h1513
=CAT  \\$aBATCH-CLA$b00$c20191219$lBLL01$h1659
=CAT  \\$aIPL-CLA$c20191231$lBLL01$h1827
=CAT  \\$aR2001-1524$c20200127$lBLL01$h1944
=CAT  \\$aBATCH-CLA$b00$c20201204$lBLL01$h1457
=CAT  \\$aIPL-CLA$c20201231$lBLL01$h2037
=CAT  \\$aBATCH-CLA$b00$c20221221$lBLL01$h1803
=CAT  \\$aIPL-CLA$c20221231$lBLL01$h1947
=CFI  0\$aCurrent Copyright Fee: GBP25.00$c0$e01-jan-2023$fGBP25.00$g0$hA$5Uk
=CFI  2\$aPrevious Copyright Fee: GBP22.50$c0$e01-jan-2021$fGBP22.50$g0$hA$5Uk
=FIN  \\$aY
=FMT  \\$a  SE
=LAS  \\$aIPL-CLA$b00$c20221231$lBLL01$h1947
=LEO  \\$aMP10.0000315963
=LEO  \\$aMP25.0000129559
=SRC  \\$aSRI01$bbibmp25.200404.2.aa
=SRC  \\$aDSS01$bbibmp10.200404.2.aa
=TCO  \\$aJPN$bJAACC$c008

