=LDR  03364 as a22008177a 4500
=001  010486104
=003  Uk
=005  20110816144236.0
=007  ta
=008  040409d19952009ko\br\p\\\\\\\0\\\k0kor\\
=019  c\$a2520450
=022  0\$a0374-8111
=040  \\$aUk$cUk$dUk
=041  0\$akor$aeng
=082  04$a639.2$222
=210  0\$aHangug susan haghoi ji
=222  \0$aHangug susan haghoi ji
=245  00$aJournal of the Korean Fisheries Society =$bHangug susan haghoiji.
=246  31$aHangug susan haghoiji
=260  \\$aPusan :$bHanguk susan haghoi,$c1995-2009.
=310  \\$aBi-monthly
=336  \\$atext$2rdacontent
=337  \\$aunmediated$2rdamedia
=338  \\$avolume$2rdacarrier
=362  1\$aBegan in 1995.
=362  0\$a-vol. 42, no. 3 (June 2009).
=515  \\$aSome issues combined.
=525  \\$aHas occasional special issue.
=540  \\$aBritish Library not licensed to copy$c0$5Uk
=546  \\$aIn Korean with some articles in English.
=595  \\$aFormerly 2600.360000 up to v. 27 (1994).
=650  \0$aFisheries$vPeriodicals.
=780  00$tBulletin of the Korean Fisheries Society
=785  00$tHangug susan kwahakoeji
=852  41$aBritish Library$bDSC$j4812.245000$3Vol. 28 (1995)-v. 42, no. 3 (2009)
=945  \\$aJournal- Korean Fisheries Society
=959  \\$fHeld but not currently received
=985  \\$aCorrected by MS generated file for WR# 12.018
=985  \\$aKorean title of journal ran from 1968-2009 - ISSN record for this title began in 1968. English title changed from Bulletin of the Korean Fisheries Society to Journal of the ... in 1995. DSC have treated this as c/t having shelved under English title. See #011732995 for issues before 1995
=A02  \\$a2520450
=ACF  \\$aPrevious copyright fee: GBP5.00$c0$e01-jul-2002$fGBP5.00$g0$hC$5Uk
=ACF  \\$aCurrent copyright fee: GBP2.50$c0$e01-jul-1998$fGBP2.50$g0$hC$5Uk
=ACF  \\$aCurrent copyright fee: GBP2.30$c0$e01-apr-1997$fGBP2.30$g0$hC$5Uk
=CAT  \\$aCONV$b00$c20040425$lBLL90$h0705
=CAT  \\$aCONV$b00$c20040502$lBLL01$h1402
=CAT  \\$c20041009$lBLL01$h2030
=CAT  \\$aBATCH$b00$c20091210$lBLL01$h0202
=CAT  \\$aBATCH$b00$c20091214$lBLL01$h0548
=CAT  \\$aBATCH$b00$c20091216$lBLL01$h0143
=CAT  \\$a8874$b40$c20100215$lBLL01$h1133
=CAT  \\$a8124$b40$c20100429$lBLL01$h0913
=CAT  \\$a8124$b40$c20100429$lBLL01$h0951
=CAT  \\$aBATCH-UPD$b40$c20101201$lBLL01$h1232
=CAT  \\$a12500$b40$c20101209$lBLL01$h1322
=CAT  \\$aIPL-CLA$c20101231$lBLL01$h1345
=CAT  \\$a6537$b40$c20110816$lBLL01$h1442
=CAT  \\$aBATCH-UPD$b40$c20110907$lBLL01$h1812
=CAT  \\$aIPL-CLA$c20110908$lBLL01$h1727
=CAT  \\$aBATCH-UPD$b00$c20120614$lBLL01$h2119
=CAT  \\$aBLSS-CORR$b00$c20120724$lBLL01$h1757
=CAT  \\$aBATCH-CLA$b00$c20121105$lBLL01$h1743
=CFI  0\$aBritish Library not licensed to copy$c0$e07-sep-2011$hC$iTX$5Uk
=CFI  2\$aPrevious copyright fee: GBP10.50$c0$e01-jan-2011$fGBP10.50$g0$hA$5Uk
=FIN  \\$aY
=FMT  \\$a  SE
=LAS  \\$aBATCH-CLA$b00$c20121105$lBLL01$h1743
=LEO  \\$aMP10.0000316240
=LKR  \\$aPAR$b011732995$lBLL01$r78000$mHangug susan haghoi ji$nBulletin of the Korean Fisheries Society = Hangug susan haghoiji.
=SRC  \\$aDSS01$bbibmp10.200404.2.aa
=TCO  \\$aXXX$c008
=TOC  \\$aETOC

