=LDR  07013cas a2201465 a 4500
=001  010486364
=003  Uk
=005  20221231143949.0
=007  ta
=008  040409d19892019ja\mr\p\\\\\\\0\\\d0jpn\\
=019  c\$a2397986
=019  0\$as204027012
=019  c\$a2399211
=022  \\$a0916-1740$y1881-6118
=040  \\$aUk$cUk$dUk
=041  0\$ajpn$beng
=042  \\$aukblsr
=082  04$a622$223
=084  \\$aNH 00$2blsrissc
=222  \0$aShigen to sozai
=245  00$6880-01$aShigen to sozai =$bJournal of the Mining and Materials Processing Institute of Japan.
=246  31$aJournal of the Mining and Materials Processing Institute of Japan
=246  17$6880-02$aShigen Sozai Gakkai shi
=246  1\$aJournal of MMIJ,$f2007-
=260  \\$6880-03$aTōkyō :$bShigen Sozai Gakkai
=300  \\$a18 v. :$bill. ;$c30 cm.
=310  \\$aMonthly
=336  \\$atext$2rdacontent
=337  \\$aunmediated$2rdamedia
=338  \\$avolume$2rdacarrier
=362  1\$aBegan with volume 105, number 1 (January 1989).
=515  \\$aContinues numbering of earlier title.
=515  \\$aSome issues combined.
=540  \\$aCurrent Copyright Fee: GBP25.00$c0$5Uk
=546  \\$aIn Japanese; summaries and table of contents in English.
=588  \\$aLatest issue consulted: Volume 132, number 1/2 (2016).
=595  \\$aComes with bib. 017740371
=595  \\$aFORMERLY 4827.8 UP TO VOL. 104//NO. 1210, 1988.
=650  \0$aMines and mineral resources$vPeriodicals.
=650  \0$aMines and mineral resources$zJapan$vPeriodicals.
=650  \0$aMetallurgy$vPeriodicals.
=650  \0$aMineral industries$zJapan$vPeriodicals.
=710  2\$6880-04$aShigen Sozai Gakkai.
=776  08$iAlso issued online as:$tShigen to sozai$x1880-6244
=780  00$tNihon Kōgyōkai shi$x0369-4194
=852  71$aBritish Library$bSTI$k(P)$hNH 00$m-X(2)$2blsrissc$3Vol. 105 (1989)-1996
=852  41$aBritish Library$bDSC$j4827.700000$3Vol. 105 (1989)-v. 135, no. 7/9 (2019)
=880  00$6245-01/{dollar}1$a資源と素材 =$bJournal of the Mining and Materials Processing Institute of Japan.
=880  13$6246-02/{dollar}1$a資源素材学会誌
=880  \\$6260-03/{dollar}1$a東京 :$b資源・素材学会.
=880  2\$6710-04/{dollar}1$a資源・素材学会.
=945  \\$aJournal- Mining and Materials Processing Institute of Japan
=959  \\$fHeld but not currently received
=985  \\$aRecord merged by DQ team
=985  \\$aISSN catalogued as a c/t at 2007 where cover began to show Journal of MMIJ prominently and Journal of the Mining and Materials Processing Institute of Japan in smaller print.
=985  \\$aCONFERENCE ANALYTIC RECORDS EXIST
=A02  \\$a2397986
=ACF  \\$aPrevious Copyright Fee: GBP5.14$c0$e01-jul-2009$fGBP5.14$g0$hC$5Uk
=ACF  \\$aPrevious Copyright Fee: GBP5.14$c0$e01-apr-2009$fGBP5.14$g0$hC$5Uk
=ACF  \\$aPrevious Copyright Fee: GBP4.50$c0$e01-jan-2009$fGBP4.50$g0$hC$5Uk
=ACF  \\$aPrevious Copyright Fee: GBP3.60$c0$e01-oct-2008$fGBP3.60$g0$hC$5Uk
=ACF  \\$aPrevious Copyright Fee: GBP3.60$c0$e01-jul-2008$fGBP3.60$g0$hC$5Uk
=ACF  \\$aPrevious Copyright Fee: GBP3.60$c0$e01-apr-2008$fGBP3.60$g0$hC$5Uk
=ACF  \\$aPrevious Copyright Fee: GBP3.60$c0$e01-jan-2008$fGBP3.60$g0$hC$5Uk
=ACF  \\$aPrevious Copyright Fee: GBP3.60$c0$e01-oct-2007$fGBP3.60$g0$hC$5Uk
=ACF  \\$aPrevious Copyright Fee: GBP3.60$c0$e01-jul-2007$fGBP3.60$g0$hC$5Uk
=ACF  \\$aPrevious Copyright Fee: GBP3.69$c0$e01-apr-2007$fGBP3.69$g0$hC$5Uk
=ACF  \\$aPrevious Copyright Fee: GBP3.89$c0$e01-jan-2007$fGBP3.89$g0$hC$5Uk
=ACF  \\$aPrevious Copyright Fee: GBP3.89$c0$e01-oct-2006$fGBP3.89$g0$hC$5Uk
=ACF  \\$aPrevious Copyright Fee: GBP4.11$c0$e01-jul-2006$fGBP4.11$g0$hC$5Uk
=ACF  \\$aPrevious Copyright Fee: GBP4.11$c0$e01-apr-2006$fGBP4.11$g0$hC$5Uk
=ACF  \\$aPrevious Copyright Fee: GBP4.00$c0$e01-jan-2006$fGBP4.00$g0$hC$5Uk
=ACF  \\$aPrevious Copyright Fee: GBP3.89$c0$e01-oct-2005$fGBP3.89$g0$hC$5Uk
=ACF  \\$aPrevious Copyright Fee: GBP3.89$c0$e01-jul-2005$fGBP3.89$g0$hC$5Uk
=ACF  \\$aPrevious Copyright Fee: GBP3.89$c0$e01-apr-2005$fGBP3.89$g0$hC$5Uk
=ACF  \\$aPrevious Copyright Fee: GBP4.00$c0$e01-jan-2005$fGBP4.00$g0$hC$5Uk
=ACF  \\$aPrevious Copyright Fee: GBP3.89$c0$e01-oct-2004$fGBP3.89$g0$hC$5Uk
=ACF  \\$aPrevious copyright fee: GBP3.89$c0$e01-apr-2004$fGBP3.89$g0$hC$5Uk
=ACF  \\$aCurrent copyright fee: GBP4.24$c0$e01-jan-2004$fGBP4.24$g0$hC$5Uk
=ACF  \\$aCurrent copyright fee: GBP4.50$c0$e01-jan-2003$fGBP4.50$g0$hC$5Uk
=ACF  \\$aPrevious copyright fee: GBP10.50$c0$e01-jan-2011$fGBP10.50$g0$hA$5Uk
=ACF  \\$aPrevious copyright fee: GBP12.00$c0$e01-jan-2012$fGBP12.00$g0$hA$5Uk
=ACF  \\$aPrevious Copyright Fee: GBP12.30$c0$e01-jan-2014$fGBP12.30$g0$hA$5Uk
=ACF  \\$aPrevious Copyright Fee: GBP15.00$c0$e01-jan-2017$fGBP15.00$g0$hA$5Uk
=ACF  \\$aPrevious Copyright Fee: GBP17.50$c0$e01-jan-2018$fGBP17.50$g0$hA$5Uk
=ACF  \\$aPrevious Copyright Fee: GBP20.00$c0$e01-jan-2020$fGBP20.00$g0$hA$5Uk
=CAT  \\$aCONV$b00$c20040425$lBLL90$h0705
=CAT  \\$aBATCH-UPD$b00$c20150423$lBLL01$h1915
=CAT  \\$a11385$b40$c20160204$lBLL01$h1141
=CAT  \\$a8323$b40$c20160209$lBLL01$h1550
=CAT  \\$a8323$b40$c20160211$lBLL01$h1002
=CAT  \\$a8124$b40$c20160505$lBLL01$h1503
=CAT  \\$a8124$b40$c20160505$lBLL01$h1510
=CAT  \\$a11385$b40$c20160505$lBLL01$h1543
=CAT  \\$a11385$b40$c20160831$lBLL01$h1408
=CAT  \\$a11385$b40$c20160901$lBLL01$h0727
=CAT  \\$aBATCH-CLA$b00$c20161222$lBLL01$h1733
=CAT  \\$aIPL-CLA$c20161230$lBLL01$h1943
=CAT  \\$a11385$b40$c20170404$lBLL01$h1053
=CAT  \\$a11385$b40$c20170404$lBLL01$h1054
=CAT  \\$aBATCH-CLA$b00$c20171222$lBLL01$h2037
=CAT  \\$aIPL-CLA$c20171231$lBLL01$h1513
=CAT  \\$a11385$b40$c20190618$lBLL01$h0915
=CAT  \\$aW1907-1426$c20190805$lBLL01$h1750
=CAT  \\$aBATCH-CLA$b00$c20191219$lBLL01$h1659
=CAT  \\$aIPL-CLA$c20191231$lBLL01$h1828
=CAT  \\$aR2001-1524$c20200127$lBLL01$h1944
=CAT  \\$aBATCH-CLA$b00$c20201204$lBLL01$h1457
=CAT  \\$aIPL-CLA$c20201231$lBLL01$h1524
=CAT  \\$a7764$b40$c20211231$lBLL01$h1038
=CAT  \\$aBATCH-CLA$b00$c20221221$lBLL01$h1803
=CAT  \\$aIPL-CLA$c20221231$lBLL01$h1439
=CFI  0\$aCurrent Copyright Fee: GBP25.00$c0$e01-jan-2023$fGBP25.00$g0$hA$5Uk
=CFI  2\$aPrevious Copyright Fee: GBP22.50$c0$e01-jan-2021$fGBP22.50$g0$hA$5Uk
=FIN  \\$aY
=FMT  \\$a  SE
=LAS  \\$aIPL-CLA$b00$c20221231$lBLL01$h1439
=LEO  \\$aMP10.0000533171
=LEO  \\$aMP10.0000316618
=LEO  \\$aMP25.0000075872
=LKR  \\$aPAR$b010486365$lBLL01$nNihon Kōgyōkai shi$r78000$mShigen to sozai = Journal of the Mining and Materials Processing Institute of Japan
=SRC  \\$aSRI01$bbibmp25.200404.2.aa
=SRC  \\$aDSS01$bbibmp10.200404.2.aa
=TCO  \\$aJPN$bJAACC$c008
=TOC  \\$aETOC

