=LDR  08219cas a2201525 a 4500
=001  010486859
=003  Uk
=005  20230821083916.0
=007  ta
=008  950110c18349999enkfr\p\\\\\\\0\\\a0eng\\
=019  2\$aiolv06771
=019  c\$a2092446
=019  x\$a1984310054
=022  0\$a0035-869X$y1356-1863
=040  \\$aUk$cUk$dUk
=082  04$a950.05$223
=222  \0$aJournal of the Royal Asiatic Society of Great Britain & Ireland
=245  00$aJournal of the Royal Asiatic Society of Great Britain and Ireland.
=246  1\$iMinor title change:$aJournal of the Royal Asiatic Society$f3rd series Vol.1, no.1 (1991)-
=260  \\$aLondon :$bRoyal Asiatic Society of Great Britain and Ireland,$c1834-
=300  \\$av. :$bill. ;$c22 cm.
=310  \\$aSemi-annual
=336  \\$atext$2rdacontent
=337  \\$aunmediated$2rdamedia
=338  \\$avolume$2rdacarrier
=362  0\$av. 1-20, 1834-63; new ser. v. 1-21, 1864-89; 1890-1990; 3rd ser. v. 1- 1991-
=540  \\$aCurrent Copyright Fee: GBP10.00$c0$5Uk
=555  \\$aIndexes: 1834-1922 in Centenary volume; 1920-1929 in separate volumes.
=580  \\$aIn 1919 absorbed: Proceedings of the Society of Biblical Archaeology.
=650  \7$aCivilization, Oriental$2fast$0(OCoLC)fst00863115
=651  \0$aAsia$vPeriodicals.
=651  \0$aAsia$xCivilization$xPeriodicals.
=651  \0$aMiddle East$vPeriodicals.
=651  \7$aAsia$2fast$0(OCoLC)fst01240495
=710  2\$aRoyal Asiatic Society of Great Britain and Ireland.
=776  0\$tJournal of the Royal Asiatic Society of Great Britain and Ireland (Online)$x1474-0591
=780  00$tTransactions of the Royal Asiatic Society of Great Britain and Ireland$x0950-4737
=780  05$tProceedings of the Society of Biblical Archaeology
=852  41$aBritish Library$bDSC$j4853.810000$3Vol. 11 (1849)-v. 29, pt. 3 (2019)***UKRR Retained Title***Stock incomplete
=852  41$aBritish Library$bOC$jST 447$3Vol. 1-20 (1834-63); new ser. v. 1-21 (1864-89); 1890-1990; 3rd ser. v. 1-Vol.12, Number 1(1991-2002). Lacks some parts prior to 1913
=852  41$aBritish Library$bHMNTS$jAc.8820/3$3Vol. 1 (1834)-v. 23, pt. 4 (Oct. 2013)***Title now taken as electronic copy
=852  41$aBritish Library$bHMNTS$jC.188.a.548
=883  0\$aFAST headings derived from: A topical index to pressmarks in use in the British Museum Library ... / Robin Alston. (London : R.C. Alston, 1987)$d20201111$qUk
=945  \\$aJOURNAL- ROYAL ASIATIC SOCIETY OF GREAT BRITAIN AND IRELAND.
=959  \\$fHeld but not currently received
=963  \\$a1834- *A=1$bY$cP620.C.26
=985  \\$aBLC record merged in by DQ Team
=985  \\$aTitle from 1991- : Journal of the Royal Asiatic Society, has separate ISSN 1356-1863 [assigned under guidelines in: ISDS Manual. Paris, 1983].
=985  \\$aUpgraded by BSS-generated file for WR2012-0338
=A02  \\$a2092446
=ACF  \\$aPrevious Copyright Fee: GBP10.00$c0$e01-apr-2012$fGBP10.00$g0$hC$5Uk
=ACF  \\$aPrevious Copyright Fee: GBP10.00$c0$e01-jan-2012$fGBP10.00$g0$hC$5Uk
=ACF  \\$aPrevious Copyright Fee: GBP10.00$c0$e01-oct-2011$fGBP10.00$g0$hC$5Uk
=ACF  \\$aPrevious Copyright Fee: GBP10.00$c0$e01-jul-2011$fGBP10.00$g0$hC$5Uk
=ACF  \\$aPrevious Copyright Fee: GBP10.00$c0$e01-apr-2011$fGBP10.00$g0$hC$5Uk
=ACF  \\$aPrevious Copyright Fee: GBP10.00$c0$e01-jan-2011$fGBP10.00$g0$hC$5Uk
=ACF  \\$aPrevious Copyright Fee: GBP10.00$c0$e01-oct-2010$fGBP10.00$g0$hC$5Uk
=ACF  \\$aPrevious Copyright Fee: GBP10.00$c0$e01-jul-2010$fGBP10.00$g0$hC$5Uk
=ACF  \\$aPrevious Copyright Fee: GBP10.00$c0$e01-apr-2010$fGBP10.00$g0$hC$5Uk
=ACF  \\$aPrevious Copyright Fee: GBP10.00$c0$e01-Jan-2010$fGBP10.00$g0$hC$5Uk
=ACF  \\$aPrevious Copyright Fee: GBP10.00$c0$e01-oct-2009$fGBP10.00$g0$hC$5Uk
=ACF  \\$aPrevious Copyright Fee: GBP10.00$c0$e01-jul-2009$fGBP10.00$g0$hC$5Uk
=ACF  \\$aPrevious Copyright Fee: GBP10.00$c0$e01-apr-2009$fGBP10.00$g0$hC$5Uk
=ACF  \\$aPrevious Copyright Fee: GBP10.00$c0$e01-jan-2009$fGBP10.00$g0$hC$5Uk
=ACF  \\$aBritish Library not licensed to copy$c0$e01-oct-2008$hC$iCLA Excluded$5Uk
=ACF  \\$aPrevious Copyright Fee: GBP10.00$c0$e01-jul-2008$fGBP10.00$g0$hC$5Uk
=ACF  \\$aPrevious Copyright Fee: GBP10.00$c0$e01-apr-2008$fGBP10.00$g0$hC$5Uk
=ACF  \\$aPrevious Copyright Fee: GBP10.00$c0$e01-jan-2008$fGBP10.00$g0$hC$5Uk
=ACF  \\$aPrevious Copyright Fee: GBP10.00$c0$e01-oct-2007$fGBP10.00$g0$hC$5Uk
=ACF  \\$aPrevious Copyright Fee: GBP10.00$c0$e01-jul-2007$fGBP10.00$g0$hC$5Uk
=ACF  \\$aPrevious Copyright Fee: GBP10.00$c0$e01-apr-2007$fGBP10.00$g0$hC$5Uk
=ACF  \\$aPrevious Copyright Fee: GBP10.00$c0$e01-jan-2007$fGBP10.00$g0$hC$5Uk
=ACF  \\$aPrevious Copyright Fee: GBP10.00$c0$e01-oct-2006$fGBP10.00$g0$hC$5Uk
=ACF  \\$aPrevious Copyright Fee: GBP10.00$c0$e01-jul-2006$fGBP10.00$g0$hC$5Uk
=ACF  \\$aPrevious Copyright Fee: GBP5.00$c0$e01-apr-2006$fGBP5.00$g0$hC$5Uk
=ACF  \\$aPrevious Copyright Fee: GBP5.00$c0$e01-jan-2006$fGBP5.00$g0$hC$5Uk
=ACF  \\$aPrevious Copyright Fee: GBP5.00$c0$e01-oct-2005$fGBP5.00$g0$hC$5Uk
=ACF  \\$aPrevious Copyright Fee: GBP5.00$c0$e01-jul-2005$fGBP5.00$g0$hC$5Uk
=ACF  \\$aPrevious Copyright Fee: GBP5.00$c0$e01-apr-2005$fGBP5.00$g0$hC$5Uk
=ACF  \\$aPrevious Copyright Fee: GBP5.00$c0$e01-jan-2005$fGBP5.00$g0$hC$5Uk
=ACF  \\$aPrevious Copyright Fee: GBP5.00$c0$e01-oct-2004$fGBP5.00$g0$hC$5Uk
=ACF  \\$aPrevious copyright fee: GBP5.00$c0$e01-apr-2003$fGBP5.00$g0$hC$5Uk
=ACF  \\$aCurrent copyright fee: GBP5.19$c0$e01-jan-2003$fGBP5.19$g0$hC$5Uk
=ACF  \\$aCurrent copyright fee: GBP5.35$c0$e01-oct-2002$fGBP5.35$g0$hC$5Uk
=ACF  \\$aPrevious Copyright Fee: GBP10.00$c0$e01-jul-2012$fGBP10.00$g0$hC$5Uk
=ACF  \\$aPrevious Copyright Fee: GBP10.00$c0$e01-oct-2012$fGBP10.00$g0$hC$5Uk
=ACF  \\$aPrevious copyright fee: GBP25.00$c43\0$e01-jul-2016$fGBP25.00$g0$hP$5Uk
=ACF  \\$aPrevious Copyright Fee: GBP17.50$c0$e01-apr-2019$fGBP17.50$g0$hA$5Uk
=ACF  \\$aPrevious Copyright Fee: GBP10.00$c0$e01-jul-2019$fGBP10.00$g0$hC$5Uk
=CAT  \\$aCONV$b00$c20040425$lBLL90$h0705
=CAT  \\$aBATCH-CLA$b00$c20120831$lBLL01$h1553
=CAT  \\$aIPL-CLA$c20120930$lBLL01$h2040
=CAT  \\$aBATCH-CLA$b00$c20121105$lBLL01$h1742
=CAT  \\$aWR13.005$c20130322$lBLL01$h2009
=CAT  \\$a8874$b40$c20140106$lBLL01$h1433
=CAT  \\$a11316$b40$c20140120$lBLL01$h1023
=CAT  \\$a5552$b40$c20160603$lBLL01$h1029
=CAT  \\$aIPL-CLA$c20160630$lBLL01$h1604
=CAT  \\$aBATCH-UPD$b00$c20160705$lBLL01$h2158
=CAT  \\$aBLDSS-3PM$b00$c20160707$lBLL01$h1648
=CAT  \\$aBATCH-UPD$b00$c20160707$lBLL01$h1651
=CAT  \\$aW1902-1304$c20190314$lBLL01$h1238
=CAT  \\$aBATCH-UPD$b00$c20190314$lBLL01$h1617
=CAT  \\$aIPL-CLA$c20190331$lBLL01$h1723
=CAT  \\$aDEL-3PM$c20190409$lBLL01$h0904
=CAT  \\$aBATCH-CLA$b00$c20190531$lBLL01$h1624
=CAT  \\$aIPL-CLA$c20190630$lBLL01$h1528
=CAT  \\$aW2012-0338$b00$c20201209$lBLL01$h2036
=CAT  \\$aW2012-0338$c20210128$lBLL01$h1608
=CAT  \\$a11315$b40$c20210805$lBLL01$h1653
=CAT  \\$aBATCH-CLA$b00$c20221130$lBLL01$h1458
=CAT  \\$aIPL-CLA$c20221231$lBLL01$h1947
=CAT  \\$aBATCH-CLA$b00$c20230209$lBLL01$h1544
=CAT  \\$aIPL-CLA$c20230210$lBLL01$h0053
=CAT  \\$a10806$b40$c20230821$lBLL01$h0839
=CFI  0\$aCurrent Copyright Fee: GBP10.00$c0$e09-feb-2023$fGBP10.00$g0$hC$5Uk
=CFI  2\$aBritish Library not licensed to copy$c0$e01-jan-2023$hC$iCFP Excluded$5Uk
=FIN  \\$aY
=FMT  \\$a  SE
=LAS  \\$a10806$b40$c20230821$lBLL01$h0839
=LEO  \\$aMP13.0000565113
=LEO  \\$aMP10.0000317381
=LEO  \\$aMP1.0002375691
=LET  \0$aJournal of the Royal Asiatic Society (Print)
=LKR  \\$aPAR$b012914034$lBLL01$r776$mJournal of the Royal Asiatic Society (Print)$nJournal of the Royal Asiatic Society (Online)
=SRC  \\$aBLS01$bbibmp1.200404.2.ac
=SRC  \\$aHSS01$bbibmp13.200404.2.ab
=SRC  \\$aDSS01$bbibmp10.200404.2.aa
=SRC  \\$aPersian$bpersian.final.oc
=TCO  \\$aCLA$bCLA$c008

