=LDR  03440cas a22007933  4500
=001  010487426
=003  Uk
=005  20221231143952.0
=008  040409u||||||||ja\ar\p|||\\\\0\\\|0und\\
=019  c\$a2092847
=022  \\$a0040-8905
=040  \\$aUk$cUk
=222  \0$aTokyo Ika Daigaku zasshi
=245  00$aJOURNAL- TOKYO MEDICAL COLLEGE.
=310  \\$aBi-monthly
=336  \\$atext$2rdacontent
=337  \\$aunmediated$2rdamedia
=338  \\$avolume$2rdacarrier
=540  \\$aCurrent Copyright Fee: GBP25.00$c0$5Uk
=595  \\$aCONTD AS 4908.952 VOL. 56, 1998- SEE ALSO CARD INDEX.
=852  41$aBritish Library$bDSC$j4908.950000$3VOL. 17, 1959- 55, 1997 *A=1
=945  \\$aJOURNAL- TOKYO MEDICAL COLLEGE.
=959  \\$fHeld but not currently received
=985  \\$aISSN records created by ISSN Japan do not treat change from 'Journal of Tokyo Medical College' to 'Journal of Tokyo Medical University' as a C/T. ISSN 0040-8905 and Key Title added to both BL records (Richard (Leeds), 04/01/18)
=A02  \\$a2092847
=ACF  \\$aPrevious copyright fee: GBP5.00$c0$e01-jul-2002$fGBP5.00$g0$hC$5Uk
=ACF  \\$aCurrent copyright fee: GBP2.50$c0$e01-jul-1998$fGBP2.50$g0$hC$5Uk
=ACF  \\$aCurrent copyright fee: GBP2.30$c0$e01-jul-1997$fGBP2.30$g0$hC$5Uk
=ACF  \\$aPrevious copyright fee: GBP10.50$c0$e01-jan-2011$fGBP10.50$g0$hA$5Uk
=ACF  \\$aPrevious copyright fee: GBP12.00$c0$e01-jan-2012$fGBP12.00$g0$hA$5Uk
=ACF  \\$aPrevious Copyright Fee: GBP12.30$c0$e01-jan-2014$fGBP12.30$g0$hA$5Uk
=ACF  \\$aPrevious Copyright Fee: GBP15.00$c0$e01-jan-2017$fGBP15.00$g0$hA$5Uk
=ACF  \\$aPrevious Copyright Fee: GBP17.50$c0$e01-jan-2018$fGBP17.50$g0$hA$5Uk
=ACF  \\$aPrevious Copyright Fee: GBP20.00$c0$e01-jan-2020$fGBP20.00$g0$hA$5Uk
=CAT  \\$aCONV$b00$c20040425$lBLL90$h0705
=CAT  \\$aBATCH$b00$c20091210$lBLL01$h0202
=CAT  \\$aBATCH$b00$c20091214$lBLL01$h0549
=CAT  \\$aBATCH$b00$c20091216$lBLL01$h0143
=CAT  \\$aBATCH-UPD$b00$c20101201$lBLL01$h1232
=CAT  \\$aIPL-CLA$c20101231$lBLL01$h1346
=CAT  \\$aWR11_203$c20111204$lBLL01$h1410
=CAT  \\$aIPL-CLA$c20111230$lBLL01$h1846
=CAT  \\$aBATCH-UPD$b00$c20120614$lBLL01$h2120
=CAT  \\$aBATCH-CLA$b00$c20121105$lBLL01$h1742
=CAT  \\$aWR13.005$c20130322$lBLL01$h2009
=CAT  \\$aBATCH-CLA$c20131218$lBLL01$h2255
=CAT  \\$aIPL-CLA$c20131231$lBLL01$h2121
=CAT  \\$aBATCH-CLA$b00$c20161222$lBLL01$h1733
=CAT  \\$aIPL-CLA$c20161230$lBLL01$h1943
=CAT  \\$aBATCH-CLA$b00$c20171222$lBLL01$h2038
=CAT  \\$aIPL-CLA$c20171231$lBLL01$h1514
=CAT  \\$a10806$b40$c20180104$lBLL01$h0858
=CAT  \\$a10806$b40$c20180104$lBLL01$h0859
=CAT  \\$aBATCH-CLA$b00$c20191219$lBLL01$h1659
=CAT  \\$aIPL-CLA$c20191231$lBLL01$h1828
=CAT  \\$aR2001-1524$c20200127$lBLL01$h1944
=CAT  \\$aBATCH-CLA$b00$c20201204$lBLL01$h1457
=CAT  \\$aIPL-CLA$c20201231$lBLL01$h1524
=CAT  \\$aBATCH-CLA$b00$c20221221$lBLL01$h1804
=CAT  \\$aIPL-CLA$c20221231$lBLL01$h1439
=CFI  0\$aCurrent Copyright Fee: GBP25.00$c0$e01-jan-2023$fGBP25.00$g0$hA$5Uk
=CFI  2\$aPrevious Copyright Fee: GBP22.50$c0$e01-jan-2021$fGBP22.50$g0$hA$5Uk
=FIN  \\$aY
=FMT  \\$a  SE
=LAS  \\$aIPL-CLA$b00$c20221231$lBLL01$h1439
=LEO  \\$aMP10.0000318207
=SRC  \\$aDSS01$bbibmp10.200404.2.aa
=TCO  \\$aJPN$bJAACC$c008
=TOC  \\$aETOC

