=LDR  03839cas a2200877ua 4500
=001  010487427
=003  Uk
=005  20221231143952.0
=007  ta
=008  040409c19989999ja\br\p\\\\\\\0\\\d0mul\\
=019  c\$a2578973
=022  \\$a0040-8905
=040  \\$aUk$cUk$dUk
=222  \0$aTokyo Ika Daigaku zasshi
=245  00$aJournal of Tokyo Medical University.
=260  \\$aTokyo :$bTokyo Ika Daigaku Igakkai
=310  \\$aBi-monthly
=336  \\$atext$2rdacontent
=337  \\$aunmediated$2rdamedia
=338  \\$avolume$2rdacarrier
=540  \\$aCurrent Copyright Fee: GBP25.00$c0$5Uk
=595  \\$aFORMERLY 4908.95 UP TO 55, 1997.
=710  2\$aTokyo Medical University.
=780  00$tJournal of Tokyo Medical College
=852  41$aBritish Library$bDSC$j4908.952000$3Vol. 56 (1998)-v. 78, no. 4 (2020)
=945  \\$aJournal- Tokyo Medical University.
=959  \\$fHeld but not currently received
=985  \\$aCONFERENCE ANALYTIC RECORDS EXIST
=985  \\$aISSN records created by ISSN Japan do not treat change from 'Journal of Tokyo Medical College' to 'Journal of Tokyo Medical University' as a C/T. ISSN 0040-8905 and Key Title added to both BL records (Richard (Leeds), 04/01/18)
=A02  \\$a2578973
=ACF  \\$aPrevious copyright fee: GBP9.00$c0$e01-apr-2010$fGBP9.00$g0$hA$5Uk
=ACF  \\$aPrevious copyright fee: GBP6.00$c0$e01-apr-2008$fGBP6.00$g0$hA$5Uk
=ACF  \\$aPrevious copyright fee: GBP5.00$c0$e01-jul-2002$fGBP5.00$g0$hA$5Uk
=ACF  \\$aCurrent copyright fee: GBP2.50$c0$e09-mar-1999$fGBP2.50$g0$hC$5Uk
=ACF  \\$aPrevious copyright fee: GBP10.50$c0$e01-jan-2011$fGBP10.50$g0$hA$5Uk
=ACF  \\$aPrevious copyright fee: GBP12.00$c0$e01-jan-2012$fGBP12.00$g0$hA$5Uk
=ACF  \\$aPrevious Copyright Fee: GBP12.30$c0$e01-jan-2014$fGBP12.30$g0$hA$5Uk
=ACF  \\$aPrevious Copyright Fee: GBP15.00$c0$e01-jan-2017$fGBP15.00$g0$hA$5Uk
=ACF  \\$aPrevious Copyright Fee: GBP17.50$c0$e01-jan-2018$fGBP17.50$g0$hA$5Uk
=ACF  \\$aPrevious Copyright Fee: GBP20.00$c0$e01-jan-2020$fGBP20.00$g0$hA$5Uk
=CAT  \\$aCONV$b00$c20040425$lBLL90$h0705
=CAT  \\$aIPL-CLA$c20101231$lBLL01$h1346
=CAT  \\$a13041$b40$c20110603$lBLL01$h1215
=CAT  \\$aWR11_203$c20111204$lBLL01$h1410
=CAT  \\$aIPL-CLA$c20111230$lBLL01$h1846
=CAT  \\$aBATCH-UPD$b00$c20120614$lBLL01$h2120
=CAT  \\$aBATCH-CLA$b00$c20121105$lBLL01$h1742
=CAT  \\$a6537$b40$c20130221$lBLL01$h0916
=CAT  \\$aWR13.005$c20130322$lBLL01$h2009
=CAT  \\$aBATCH-CLA$c20131218$lBLL01$h2255
=CAT  \\$aIPL-CLA$c20131231$lBLL01$h2121
=CAT  \\$aBATCH-CLA$b00$c20161222$lBLL01$h1733
=CAT  \\$aIPL-CLA$c20161230$lBLL01$h1943
=CAT  \\$aBATCH-CLA$b00$c20171222$lBLL01$h2038
=CAT  \\$aIPL-CLA$c20171231$lBLL01$h1514
=CAT  \\$a10806$b40$c20180104$lBLL01$h0854
=CAT  \\$a10806$b40$c20180104$lBLL01$h0857
=CAT  \\$a10806$b40$c20180104$lBLL01$h0859
=CAT  \\$aBATCH-CLA$b00$c20191219$lBLL01$h1659
=CAT  \\$aIPL-CLA$c20191231$lBLL01$h1828
=CAT  \\$aR2001-1524$c20200127$lBLL01$h1944
=CAT  \\$aBATCH-CLA$b00$c20201204$lBLL01$h1457
=CAT  \\$aIPL-CLA$c20201231$lBLL01$h1524
=CAT  \\$a11385$b40$c20210914$lBLL01$h0735
=CAT  \\$aBATCH-CLA$b00$c20221221$lBLL01$h1804
=CAT  \\$aIPL-CLA$c20221231$lBLL01$h1439
=CFI  0\$aCurrent Copyright Fee: GBP25.00$c0$e01-jan-2023$fGBP25.00$g0$hA$5Uk
=CFI  2\$aPrevious Copyright Fee: GBP22.50$c0$e01-jan-2021$fGBP22.50$g0$hA$5Uk
=FIN  \\$aY
=FMT  \\$a  SE
=LAS  \\$aIPL-CLA$b00$c20221231$lBLL01$h1439
=LEO  \\$aMP10.0000318208
=LKR  \\$aPAR$b010487426$lBLL01$r78000$mJournal of Tokyo Medical University$nJournal of Tokyo Medical College
=SRC  \\$aDSS01$bbibmp10.200404.2.aa
=TCO  \\$aJPN$bJAACC$c008
=TOC  \\$aETOC

