=LDR  05157cas a2201141 a 4500
=001  010488019
=003  Uk
=005  20221231143955.0
=007  ta
=008  080907d20022007ko\tr\p\\\\\\\0\\\a0eng\d
=019  c\$a3007927
=022  0\$a1598-5857
=035  \\$a(OCoLC)246469307
=040  \\$aKISTI$beng$cKISTI$dUk
=042  \\$aukblsr
=082  0\$a519$222
=222  \0$aJournal of Applied Mathematics and Computing. Series A
=245  00$aJournal of Applied Mathematics and Computing.$nSeries A.
=246  30$aJAMC
=260  \\$aAsan, Korea :$bKorean Society for Computational and Applied Mathematics and Korean SIGCAM,$c2002-2007.
=300  \\$a16 v. ;$c24 cm.
=310  \\$aThree times a year
=336  \\$atext$2rdacontent
=337  \\$aunmediated$2rdamedia
=338  \\$avolume$2rdacarrier
=362  0\$aVol. 10, no. 1/2(Sept. 2002)-vol. 25, no. 1/2 (Sept. 2007).
=500  \\$aSeries A also known as "Domestic edition".
=540  \\$aCurrent copyright fee: GBP29.95$c22\1$5Uk
=595  \\$aFORMERLY 5113.52711 UP TO VOL. 9, 2002.
=650  \0$aApplied mathematics$vPeriodicals.
=650  \0$aMathematics$vPeriodicals.
=710  2\$aHanʾguk Chŏnsan Ŭngyong Suhakhoe.
=710  2\$aKorean SIGCAM.
=780  00$aKorean journal of computational & applied mathematics. Series A$x1229-9499
=785  00$tJournal of applied mathematics & informatics
=852  41$aBritish Library$bDSC$j4942.677000$3Volume 10 (2002)-Volume 25, Number 1/2(2007)
=856  \\$31850-9999$uhttp://www.springer.com/gb/$xBLDSS
=945  \\$aJournal of applied mathematics and computing
=959  \\$fHeld but not currently received
=985  \\$aISSN online not working, could not add key title. Will do later
=A02  \\$a3007927
=ACF  \\$aPrevious copyright fee: GBP21.25$c22\3$e01-jan-2009$fGBP21.25$g0$hP$5Uk
=ACF  \\$aPrevious Copyright Fee: GBP16.75$c22\3$e22-feb-2008$fGBP16.75$g0$hP$5Uk
=ACF  \\$aPrevious copyright fee: GBP5.00$c0$e21-oct-2002$fGBP5.00$g0$hA$5Uk
=ACF  \\$aPrevious copyright fee: GBP22.00$c22\3$e01-apr-2009$fGBP22.00$g0$hP$5Uk
=ACF  \\$aPrevious copyright fee: GBP22.00$c22\3$e12-aug-2012$fGBP22.00$g0$hP$5Uk
=ACF  \\$aPrevious copyright fee: GBP25.00$c22\3$e01-jan-2013$fGBP25.00$g0$hP$5Uk
=ACF  \\$aPrevious copyright fee: GBP25.77$c22\3$e01-jul-2013$fGBP25.77$g0$hP$5Uk
=ACF  \\$aPrevious copyright fee: GBP24.97$c22\3$e01-jan-2014$fGBP24.97$g0$hP$5Uk
=ACF  \\$aPrevious copyright fee: GBP24.21$c22\3$e01-jul-2014$fGBP24.21$g0$hP$5Uk
=ACF  \\$aPrevious copyright fee: GBP25.77$c22\3$e01-apr-2015$fGBP25.77$g0$hP$5Uk
=ACF  \\$aPrevious copyright fee: GBP26.63$c22\3$e01-jul-2015$fGBP26.63$g0$hP$5Uk
=ACF  \\$aPrevious copyright fee: GBP25.77$c22\3$e01-oct-2015$fGBP25.77$g0$hP$5Uk
=ACF  \\$aPrevious copyright fee: GBP27.55$c22\3$e01-apr-2016$fGBP27.55$g0$hP$5Uk
=ACF  \\$aPrevious copyright fee: GBP29.59$c22\3$e01-oct-2016$fGBP29.59$g0$hP$5Uk
=ACF  \\$aPrevious copyright fee: GBP31.96$c22\3$e01-apr-2017$fGBP31.96$g0$hP$5Uk
=ACF  \\$aPrevious copyright fee: GBP30.73$c22\3$e01-oct-2017$fGBP30.73$g0$hP$5Uk
=ACF  \\$aPrevious copyright fee: GBP28.54$c22\3$e01-apr-2018$fGBP28.54$g0$hP$5Uk
=CAT  \\$aCONV$b00$c20040425$lBLL90$h0705
=CAT  \\$aIPL-CLA$c20140630$lBLL01$h1708
=CAT  \\$aBLDSS-3PM$b00$c20150103$lBLL01$h1042
=CAT  \\$aBATCH-UPD$b00$c20150219$lBLL01$h1741
=CAT  \\$aIPL-CLA$c20150331$lBLL01$h1626
=CAT  \\$aBATCH-UPD$b00$c20150520$lBLL01$h1749
=CAT  \\$aIPL-CLA$c20150630$lBLL01$h1638
=CAT  \\$aBATCH-UPD$b00$c20150820$lBLL01$h1836
=CAT  \\$aIPL-CLA$c20150930$lBLL01$h1752
=CAT  \\$aBATCH-UPD$b00$c20151109$lBLL01$h2031
=CAT  \\$aBATCH-UPD$b00$c20160217$lBLL01$h1726
=CAT  \\$aIPL-CLA$c20160331$lBLL01$h1712
=CAT  \\$aBATCH-UPD$b00$c20160524$lBLL01$h2208
=CAT  \\$aBATCH-UPD$b00$c20160525$lBLL01$h0001
=CAT  \\$aBATCH-UPD$b00$c20160824$lBLL01$h1754
=CAT  \\$aIPL-CLA$c20160930$lBLL01$h1552
=CAT  \\$aBATCH-UPD$b00$c20170216$lBLL01$h1842
=CAT  \\$aIPL-CLA$c20170331$lBLL01$h1835
=CAT  \\$aBATCH-UPD$b00$c20170904$lBLL01$h1851
=CAT  \\$aIPL-CLA$c20170929$lBLL01$h1718
=CAT  \\$aBATCH-UPD$b00$c20180223$lBLL01$h1718
=CAT  \\$aIPL-CLA$c20180331$lBLL01$h1608
=CAT  \\$aBATCH-UPD$b00$c20180524$lBLL01$h1713
=CAT  \\$aIPL-CLA$c20180630$lBLL01$h1911
=CAT  \\$aBATCH-UPD$b00$c20221121$lBLL01$h1358
=CAT  \\$aIPL-CLA$c20221231$lBLL01$h1439
=CFI  0\$aCurrent copyright fee: GBP29.95$c22\1$e01-jan-2023$fGBP29.95$g0$hP$5Uk
=CFI  2\$aPrevious copyright fee: GBP34.00$c22\1$e01-jul-2018$fGBP34.00$g0$hP$5Uk
=EST  \\$a2
=FFP  \\$aY$bBLDSS-3PM
=FIN  \\$aY
=FMT  \\$a  SE
=LAS  \\$aIPL-CLA$b00$c20221231$lBLL01$h1439
=LEO  \\$aMP10.0000319141
=LKR  \\$aPAR$b011116146$lBLL01$r78000$mJournal of Applied Mathematics and Computing.$nKorean journal of computational & applied mathematics.
=SID  \\$aZ39$bOCLC
=SRC  \\$aDSS01$bbibmp10.200404.2.aa
=TCO  \\$aXXX$c008
=TOC  \\$aETOC
=UNO  \\$aY

