=LDR  06250cas a2201333ua 4500
=001  010488872
=003  Uk
=005  20221231144000.0
=007  ta
=008  040409c19779999gw\qr\p\\\\\\\0\\\b0ger\\
=019  1\$ar6053332
=019  c\$a2093546
=022  0\$a0342-5843$y0168-7034
=040  \\$aUk$cUk$dUk
=041  0\$ager$aeng
=042  \\$aukblsr
=082  0\$a381.3$221
=210  0\$aZ. Verbrauch.polit.
=222  \0$aZeitschrift für Verbraucherpolitik
=245  00$aZeitschrift für Verbraucherpolitik =$bJournal of consumer policy.
=246  11$aJournal of consumer policy
=246  13$aZVP. Zeitschrift für Verbraucherpolitik
=246  13$aJCP. Journal of consumer policy
=260  \\$aStuttgart :$bLuchterhand,$c1977-
=300  \\$av. ;$c25 cm.
=310  \\$aQuarterly
=336  \\$atext$2rdacontent
=337  \\$aunmediated$2rdamedia
=338  \\$avolume$2rdacarrier
=362  0\$a1- 1977-
=540  \\$aCurrent copyright fee: GBP29.95$c22\1$5Uk
=546  \\$aArticles in German and English.
=580  \\$aIssues from 1977-1981, available online as: Zeitschrift für Verbraucherpolitik. Issues from 1983- available online as: Journal of consumer policy.
=595  \\$aSEE ALSO CARD INDEX.
=650  \0$aConsumers$vPeriodicals.
=650  \0$aConsumer protection$vPeriodicals.
=650  \0$aCustomer relations$vPeriodicals.
=690  7\$aManagement and Business Studies$2blcoll
=776  18$tZeitschrift für Verbraucherpolitik (Online)
=776  18$tJournal of consumer policy (Online)$x1573-0700
=852  41$aBritish Library$bDSC$j4965.212000$3Vol. 1 (1977)-v. 33, no. 4 (2010)***UKRR Retained Title***Stock Incomplete
=852  41$aBritish Library$bHMNTS$jP.621/465$3Vol.1, no.1, 1977- 19(4),1996***To apply for issues from 1997 onwards, use separate form and DSC shelfmark***UKRR Retained Title
=856  \\$31850-9999$uhttp://www.springer.com/gb/$xBLDSS
=945  \\$aJournal of consumer policy
=957  \\$a7711P
=959  \\$fHeld but not currently received
=985  \\$aNot in step with ISSN, who have a c/t at 1983 when German title dropped and became an English language title. Not in step with electronic title, which matches ISSN
=985  \\$aRecord merged by DQ team
=985  \\$aUpgraded by BSS-generated file for WR2011-1473
=A02  \\$a2093546
=ACF  \\$aPrevious copyright fee: GBP21.25$c4\5$e01-jan-2009$fGBP21.25$g0$hP$5Uk
=ACF  \\$aPrevious copyright fee: GBP16.75$c4\5$e01-jan-2007$fGBP16.75$g0$hP$5Uk
=ACF  \\$aPrevious copyright fee: GBP16.22$c4\5$e01-oct-2006$fGBP16.22$g0$hP$5Uk
=ACF  \\$aPrevious copyright fee: GBP17.14$c4\5$e01-apr-2006$fGBP17.14$g0$hP$5Uk
=ACF  \\$aPrevious copyright fee: GBP16.67$c4\5$e01-jan-2006$fGBP16.67$g0$hP$5Uk
=ACF  \\$aPrevious copyright fee: GBP16.22$c4\5$e01-apr-2005$fGBP16.22$g0$hP$5Uk
=ACF  \\$aPrevious copyright fee: GBP16.67$c4\5$e01-jan-2005$fGBP16.67$g0$hP$5Uk
=ACF  \\$aPrevious copyright fee: GBP13.51$c4\5$e01-apr-2004$fGBP13.51$g0$hP$5Uk
=ACF  \\$aCurrent copyright fee: GBP14.71$c4\5$e01-jan-2004$fGBP14.71$g0$hP$5Uk
=ACF  \\$aCurrent copyright fee: GBP15.63$c4\5$e01-jan-2003$fGBP15.63$g0$hP$5Uk
=ACF  \\$aPrevious copyright fee: GBP22.00$c4\5$e01-apr-2009$fGBP22.00$g0$hP$5Uk
=ACF  \\$aPrevious copyright fee: GBP22.00$c4\5$e12-aug-2012$fGBP22.00$g0$hP$5Uk
=ACF  \\$aPrevious copyright fee: GBP25.00$c4\5$e01-jan-2013$fGBP25.00$g0$hP$5Uk
=ACF  \\$aPrevious copyright fee: GBP25.77$c4\5$e01-jul-2013$fGBP25.77$g0$hP$5Uk
=ACF  \\$aPrevious copyright fee: GBP24.97$c4\5$e01-jan-2014$fGBP24.97$g0$hP$5Uk
=ACF  \\$aPrevious copyright fee: GBP24.21$c4\5$e01-jul-2014$fGBP24.21$g0$hP$5Uk
=ACF  \\$aPrevious copyright fee: GBP25.77$c4\5$e01-apr-2015$fGBP25.77$g0$hP$5Uk
=ACF  \\$aPrevious copyright fee: GBP26.63$c4\5$e01-jul-2015$fGBP26.63$g0$hP$5Uk
=ACF  \\$aPrevious copyright fee: GBP25.77$c4\5$e01-oct-2015$fGBP25.77$g0$hP$5Uk
=ACF  \\$aPrevious copyright fee: GBP27.55$c4\5$e01-apr-2016$fGBP27.55$g0$hP$5Uk
=ACF  \\$aPrevious copyright fee: GBP29.59$c4\5$e01-oct-2016$fGBP29.59$g0$hP$5Uk
=ACF  \\$aPrevious copyright fee: GBP31.96$c4\5$e01-apr-2017$fGBP31.96$g0$hP$5Uk
=ACF  \\$aPrevious copyright fee: GBP30.73$c4\5$e01-oct-2017$fGBP30.73$g0$hP$5Uk
=ACF  \\$aPrevious copyright fee: GBP28.54$c4\5$e01-apr-2018$fGBP28.54$g0$hP$5Uk
=CAT  \\$aCONV$b00$c20040425$lBLL90$h0705
=CAT  \\$aBATCH-UPD$b00$c20150219$lBLL01$h1940
=CAT  \\$aIPL-CLA$c20150331$lBLL01$h1626
=CAT  \\$aBATCH-UPD$b00$c20150520$lBLL01$h1932
=CAT  \\$aIPL-CLA$c20150630$lBLL01$h1638
=CAT  \\$aBATCH-UPD$b00$c20150820$lBLL01$h2002
=CAT  \\$aIPL-CLA$c20150930$lBLL01$h1753
=CAT  \\$aBATCH-UPD$b00$c20160217$lBLL01$h1900
=CAT  \\$aIPL-CLA$c20160331$lBLL01$h1712
=CAT  \\$aBATCH-UPD$b00$c20160413$lBLL01$h1810
=CAT  \\$aBATCH-UPD$b00$c20160524$lBLL01$h2155
=CAT  \\$aBATCH-UPD$b00$c20160524$lBLL01$h2237
=CAT  \\$aBATCH-UPD$b00$c20160824$lBLL01$h1921
=CAT  \\$aIPL-CLA$c20160930$lBLL01$h1552
=CAT  \\$a8124$b40$c20161006$lBLL01$h1216
=CAT  \\$aBATCH-UPD$b40$c20170216$lBLL01$h2008
=CAT  \\$aIPL-CLA$c20170331$lBLL01$h1835
=CAT  \\$aBATCH-UPD$b00$c20170904$lBLL01$h2040
=CAT  \\$aIPL-CLA$c20170929$lBLL01$h1718
=CAT  \\$aBATCH-UPD$b00$c20180223$lBLL01$h1938
=CAT  \\$aIPL-CLA$c20180331$lBLL01$h1608
=CAT  \\$aBATCH-UPD$b00$c20180524$lBLL01$h1812
=CAT  \\$aIPL-CLA$c20180630$lBLL01$h1911
=CAT  \\$aW2011-1473$b00$c20201124$lBLL01$h1842
=CAT  \\$aBATCH-UPD$b00$c20221121$lBLL01$h1358
=CAT  \\$aIPL-CLA$c20221231$lBLL01$h1440
=CFI  0\$aCurrent copyright fee: GBP29.95$c22\1$e01-jan-2023$fGBP29.95$g0$hP$5Uk
=CFI  2\$aPrevious copyright fee: GBP34.00$c22\1$e01-jul-2018$fGBP34.00$g0$hP$5Uk
=EST  \\$a2
=FFP  \\$aY$bBLDSS-3PM
=FIN  \\$aY
=FMT  \\$a  SE
=LAS  \\$aIPL-CLA$b00$c20221231$lBLL01$h1440
=LEO  \\$aMP13.0000872405
=LEO  \\$aMP10.0000320467
=SRC  \\$aHSS01$bbibmp13.200404.2.ab
=SRC  \\$aDSS01$bbibmp10.200404.2.aa
=TCO  \\$aDEU$bVG WORT$c008
=TOC  \\$aETOC
=UNO  \\$aY

