=LDR  04578cas a2201069 a 4500
=001  010489523
=003  Uk
=005  20211231153910.0
=007  ta
=008  030619c20039999xxubr\p\\\\\\\0\\\a0eng\\
=019  c\$a3011089
=019  0\$as686949005
=022  0\$a1552-5007
=040  \\$aUk$beng$cUk$dUk
=042  \\$aukblsr
=082  04$a591.305$221
=084  \\$aKB 10$2blsrissc
=084  \\$aKH 37$2blsrissc
=084  \\$aCG 71$2blsrissc
=084  \\$aER 00$2blsrissc
=222  \0$aJournal of experimental zoology. Part B, Molecular and developmental evolution
=245  00$aJournal of experimental zoology.$nPart B,$pMolecular and developmental evolution.
=260  \\$aHoboken :$bWiley-Liss,$c2003-
=300  \\$av. :$bill. (some col.) ;$c28 cm.
=310  \\$aSix issues yearly
=336  \\$atext$2rdacontent
=337  \\$aunmediated$2rdamedia
=338  \\$avolume$2rdacarrier
=362  0\$aVol. 295, no. 1 (Feb. 15, 2003)-
=500  \\$aDescription based on: Vol. 296, no. 1 (Apr. 15, 2003).
=530  \\$aAlso published via the Internet.
=540  \\$aCurrent copyright fee: GBP39.00$c35\0$5Uk
=595  \\$aFORMERLY 4983.0 UP TO VOL. 294, 2002 SEE ALSO 4983.0 FOR SML HOLDINGS.
=650  \0$aEvolution (Biology)$vPeriodicals.
=650  \0$aMolecular evolution$vPeriodicals.
=650  \0$aDevelopmental genetics$vPeriodicals.
=730  0\$aJournal of experimental zoology,$x0022-104X.
=776  0\$tJournal of experimental zoology. Part B, Molecular and developmental evolution (Online)$x1552-5015
=780  01$tJournal of experimental zoology$x0022-104X
=852  41$aBritish Library$bDSC$j4983.008000$3Vol. 295 (2003)-v. 310 (2008)
=852  71$aBritish Library$bSTI$k(P)$hKB 10$m-E(68)$2blsrissc$3Vol.296 (2003)-v. 304, no.6 (2005)
=856  \\$31850-9999$uhttp://onlinelibrary.wiley.com/$xBLDSS
=945  \\$aJOURNAL OF EXPERIMENTAL ZOOLOGY PART B MOLECULAR AND DEVELOPMENTAL EVOLUTION.
=959  \\$fHeld but not currently received
=985  \\$aISSN added to record on request 19/2/08. Issue not seen
=A02  \\$a3011089
=ACF  \\$aPrevious copyright fee: GBP5.00$c0$e17-jan-2003$fGBP5.00$g0$hA$5Uk
=ACF  \\$aPrevious Copyright Fee: GBP17.00$c35\0$e01-apr-2005$fGBP17.00$g0$hP$5Uk
=ACF  \\$aPrevious copyright fee: GBP22.00$c35\0$e01-jan-2011$fGBP22.00$g0$hP$5Uk
=ACF  \\$aPrevious copyright fee: GBP24.00$c35\0$e01-mar-2015$fGBP24.00$g0$hP$5Uk
=ACF  \\$aPrevious copyright fee: GBP28.00$c35\0$e01-jan-2019$fGBP28.00$g0$hP$5Uk
=CAT  \\$aCONV$b00$c20040425$lBLL90$h0705
=CAT  \\$c20050401$lBLL01$h0646
=CAT  \\$c20050401$lBLL01$h0759
=CAT  \\$a11281$b40$c20051124$lBLL01$h1209
=CAT  \\$aBATCH-UPD$b40$c20060901$lBLL01$h0945
=CAT  \\$aBATCH-UPD$b40$c20060901$lBLL01$h1023
=CAT  \\$a8124$b40$c20080219$lBLL01$h0943
=CAT  \\$aCDS08-UPD$b40$c20081110$lBLL01$h2008
=CAT  \\$aBATCH-UPD$b40$c20101116$lBLL01$h1334
=CAT  \\$aIPL-CLA$c20101231$lBLL01$h1347
=CAT  \\$aBATCH-CLA$b00$c20121105$lBLL01$h1742
=CAT  \\$aWR13.005$c20130322$lBLL01$h2010
=CAT  \\$aBATCH-CLA$b00$c20140125$lBLL01$h1317
=CAT  \\$aBATCH-CLA$c20140225$lBLL01$h2316
=CAT  \\$aBLDSS-3PM$b00$c20141214$lBLL01$h1520
=CAT  \\$aBATCH-UPD$b00$c20150215$lBLL01$h1653
=CAT  \\$aIPL-CLA$c20150228$lBLL01$h2044
=CAT  \\$aBATCH-UPD$b00$c20180219$lBLL01$h1742
=CAT  \\$aBATCH-UPD$b00$c20180219$lBLL01$h1915
=CAT  \\$aBATCH-UPD$b00$c20181121$lBLL01$h1619
=CAT  \\$aIPL-CLA$c20181231$lBLL01$h1537
=CAT  \\$aR1911-0245$c20191127$lBLL01$h0822
=CAT  \\$aR1911-0245$c20191127$lBLL01$h1044
=CAT  \\$aIPL-CLA$c20191231$lBLL01$h1828
=CAT  \\$aW2111-0842$c20211208$lBLL01$h1941
=CAT  \\$aIPL-CLA$c20211231$lBLL01$h1539
=CFI  0\$aCurrent copyright fee: GBP39.00$c35\0$e01-jan-2022$fGBP39.00$g0$hP$5Uk
=CFI  2\$aPrevious Copyright Fee: GBP32.00$c35\0$e01-jan-2020$fGBP32.00$g0$hP$5Uk
=FFP  \\$aY$bBLDSS-3PM
=FIN  \\$aY
=FMT  \\$a  SE
=LAS  \\$aIPL-CLA$b00$c20211231$lBLL01$h1539
=LEO  \\$aMP25.0000364589
=LEO  \\$aMP10.0000321540
=LKR  \\$aPAR$b013345130$lBLL01$r776$mJournal of experimental zoology.$nJournal of experimental zoology. Part B, Molecular and developmental evolution (Online)
=LKR  \\$aPAR$b008892310$lBLL01$r78004$mJournal of experimental zoology.$nJournal of experimental zoology.
=SRC  \\$aSRI01$bbibmp25.200404.2.aa
=SRC  \\$aDSS01$bbibmp10.200404.2.aa
=TCO  \\$aTRS$bCCC$c008
=TOC  \\$aETOC
=UNO  \\$aY

