=LDR  07481cas a22014177a 4500
=001  010489608
=003  Uk
=005  20220930142504.0
=008  830607c19839999xxubr\p\\\\\\\0\\\a0eng\\
=019  0\$as518656004
=019  c\$a2236653
=022  0\$a0734-9041
=040  \\$aUk$cUk$dUk
=042  \\$aukblsr
=082  04$a628.922$221
=084  \\$aLL 06$2blsrissc
=210  0\$aJ. fire sci.
=222  \0$aJournal of fire sciences
=245  00$aJournal of fire sciences.
=260  \\$aLancaster, Pa :$bTechnomic,$c1983-
=264  31$aLos Angeles :$bSAGE
=300  \\$c23cm.
=310  \\$aBi-monthly
=336  \\$atext$2rdacontent
=337  \\$aunmediated$2rdamedia
=338  \\$avolume$2rdacarrier
=540  \\$aCurrent copyright fee: GBP36.32$c19\0$5Uk
=580  \\$aReplaces "Journal of combustion toxicology", q.v., "Journal of consumer product flammability", q.v., "Journal of fire and flammability", q.v., and "Journal of fire retardant chemistry", q.v.
=588  \\$aLatest issue consulted: volume 32, number 2 (March 2014).
=595  \\$aFORMERLY 4960.7 CHANGE BETWEEN VOL. 9(MAY), 1982 AND VOL. 1, 1983 AND FORMERLY 4965.213 UP TO VOL. 9, 1982 AND FORMERLY 4984.275 UP TO VOL. 13, 1982 AND FORMERLY 4984.279 CHANGE BETWEEN VOL. 9(AUG), 1982 AND VOL. 1, 1983 SEE ALSO SERIAL RECORDS CAA.
=776  08$iAlso issued online as$tJournal of fire sciences$x1530-8049
=780  14$tJournal of fire & flammability$x0022-1104
=780  14$tJournal of combustion toxicology$x0362-1669
=780  14$tJournal of fire retardant chemistry$x0362-1693
=780  14$tJournal of consumer product flammability$x0362-1677
=852  41$aBritish Library$bDSC$j4984.279500$3Vol. 1, no. 1 (1983)-v. 29, no. 6 (2011)***Latest issues held for 6 months***UKRR Retained Title***Stock Incomplete
=852  71$aBritish Library$bSTI$k(P)$hLL 06$m-E(7)$2blsrissc$3Vol. 1 (1983)- v. 32, no. 1 (Jan.2014)***Earlier issues***Title now taken as electronic copy
=856  \\$31850-9999$uhttp://www.uk.sagepub.com/home.nav$xBLDSS
=886  2\$2blmarc$a029$b00$aS145296016$aS145340015$aS13204000X$aS145240010
=945  \\$aJOURNAL OF FIRE SCIENCES.
=959  \\$fHeld but not currently received
=985  \\$aRecord merged by DQ team
=985  \\$aISSN transfer from U.S. to UK pending (06/10/20)
=ACF  \\$aPrevious Copyright Fee: GBP23.00$c0$e01-jul-2012$fGBP23.00$g0$hC$5Uk
=ACF  \\$aPrevious Copyright Fee: GBP23.00$c0$e01-apr-2012$fGBP23.00$g0$hC$5Uk
=ACF  \\$aPrevious Copyright Fee: GBP23.00$c0$e01-jan-2012$fGBP23.00$g0$hC$5Uk
=ACF  \\$aPrevious Copyright Fee: GBP22.00$c0$e01-oct-2011$fGBP22.00$g0$hC$5Uk
=ACF  \\$aPrevious Copyright Fee: GBP22.00$c0$e01-jul-2011$fGBP22.00$g0$hC$5Uk
=ACF  \\$aPrevious Copyright Fee: GBP22.00$c0$e01-apr-2011$fGBP22.00$g0$hC$5Uk
=ACF  \\$aPrevious Copyright Fee: GBP22.00$c0$e01-jan-2011$fGBP22.00$g0$hC$5Uk
=ACF  \\$aPrevious Copyright Fee: GBP22.00$c0$e01-oct-2010$fGBP22.00$g0$hC$5Uk
=ACF  \\$aPrevious Copyright Fee: GBP22.00$c0$e01-jul-2010$fGBP22.00$g0$hC$5Uk
=ACF  \\$aPrevious Copyright Fee: GBP22.00$c0$e01-apr-2010$fGBP22.00$g0$hC$5Uk
=ACF  \\$aPrevious copyright fee: GBP22.00$c0$e01-jan-2010$fGBP22.00$g0$hC$5Uk
=ACF  \\$aPrevious copyright fee: GBP20.50$c19\0$e01-jan-2009$fGBP20.50$g0$hP$5Uk
=ACF  \\$aPrevious copyright fee: GBP20.00$c19\0$e01-jan-2006$fGBP20.00$g0$hP$5Uk
=ACF  \\$aPrevious copyright fee: GBP18.50$c19\0$e01-jan-2005$fGBP18.50$g0$hP$5Uk
=ACF  \\$aPrevious copyright fee: GBP15.00$c19\0$e12-aug-2003$fGBP15.00$g0$hP$5Uk
=ACF  \\$aCurrent copyright fee: GBP12.50$c19\0$e01-jan-2002$fGBP12.50$g0$hP$5Uk
=ACF  \\$aCurrent copyright fee: GBP7.03$c0$e01-jul-2001$fGBP7.03$g0$hC$5Uk
=ACF  \\$aPrevious Copyright Fee: GBP23.00$c0$e01-oct-2012$fGBP23.00$g0$hC$5Uk
=ACF  \\$aPrevious copyright fee: GBP19.39$c19\0$e10-oct-2012$fGBP19.39$g0$hP$5Uk
=ACF  \\$aPrevious copyright fee: GBP20.00$c19\0$e01-jan-2013$fGBP20.00$g0$hP$5Uk
=ACF  \\$aPrevious copyright fee: GBP20.64$c19\0$e01-jul-2013$fGBP20.64$g0$hP$5Uk
=ACF  \\$aPrevious copyright fee: GBP20.00$c19\0$e01-jan-2014$fGBP20.00$g0$hP$5Uk
=ACF  \\$aPrevious copyright fee: GBP19.39$c19\0$e01-jul-2014$fGBP19.39$g0$hP$5Uk
=ACF  \\$aPrevious copyright fee: GBP20.65$c19\0$e01-apr-2015$fGBP20.65$g0$hP$5Uk
=ACF  \\$aPrevious copyright fee: GBP21.33$c19\0$e01-jul-2015$fGBP21.33$g0$hP$5Uk
=ACF  \\$aPrevious copyright fee: GBP20.65$c19\0$e01-oct-2015$fGBP20.65$g0$hP$5Uk
=ACF  \\$aPrevious copyright fee: GBP24.83$c19\0$e01-apr-2016$fGBP24.83$g0$hP$5Uk
=ACF  \\$aPrevious copyright fee: GBP26.67$c19\0$e01-oct-2016$fGBP26.67$g0$hP$5Uk
=ACF  \\$aPrevious copyright fee: GBP27.69$c19\0$e01-oct-2017$fGBP27.69$g0$hP$5Uk
=ACF  \\$aPrevious copyright fee: GBP28.80$c19\0$e01-apr-2017$fGBP28.80$g0$hP$5Uk
=ACF  \\$aPrevious copyright fee: GBP30.77$c19\0$e12-feb-2018$fGBP30.77$g0$hP$5Uk
=ACF  \\$aPrevious copyright fee: GBP28.57$c19\0$e01-apr-2018$fGBP28.57$g0$hP$5Uk
=ACF  \\$aPrevious copyright fee: GBP30.77$c19\0$e01-oct-2018$fGBP30.77$g0$hP$5Uk
=ACF  \\$aPrevious copyright fee: GBP32.31$c19\0$e01-jul-2019$fGBP32.31$g0$hP$5Uk
=ACF  \\$aPrevious copyright fee: GBP33.60$c19\0$e01-oct-2019$fGBP33.60$g0$hP$5Uk
=ACF  \\$aPrevious copyright fee: GBP33.52$c19\0$e01-apr-2020$fGBP33.52$g0$hP$5Uk
=ACF  \\$aPrevious copyright fee: GBP34.86$c19\0$e01-jul-2020$fGBP34.86$g0$hP$5Uk
=ACF  \\$aPrevious copyright fee: GBP32.28$c19\0$e01-apr-2021$fGBP32.28$g0$hP$5Uk
=ACF  \\$aPrevious copyright fee: GBP31.13$c19\0$e07-jul-2021$fGBP31.13$g0$hP$5Uk
=CAT  \\$aCONV$b00$c20040425$lBLL90$h0705
=CAT  \\$aBATCH-UPD$b00$c20170904$lBLL01$h1832
=CAT  \\$aIPL-CLA$c20170929$lBLL01$h1718
=CAT  \\$a5552$b40$c20180222$lBLL01$h1541
=CAT  \\$aBATCH-UPD$b40$c20180223$lBLL01$h1653
=CAT  \\$aIPL-CLA$c20180331$lBLL01$h1608
=CAT  \\$aBATCH-UPD$b00$c20180823$lBLL01$h1928
=CAT  \\$aIPL-CLA$c20180930$lBLL01$h1456
=CAT  \\$aBATCH-UPD$b00$c20190521$lBLL01$h1410
=CAT  \\$aIPL-CLA$c20190630$lBLL01$h1529
=CAT  \\$aBATCH-UPD$b00$c20190829$lBLL01$h1527
=CAT  \\$aIPL-CLA$c20190930$lBLL01$h1632
=CAT  \\$aBATCH-UPD$b00$c20200219$lBLL01$h1515
=CAT  \\$aIPL-CLA$c20200331$lBLL01$h1608
=CAT  \\$aBATCH-UPD$b00$c20200522$lBLL01$h1457
=CAT  \\$aIPL-CLA$c20200701$lBLL01$h0050
=CAT  \\$a10806$b40$c20201006$lBLL01$h0854
=CAT  \\$aBATCH-UPD$b40$c20210226$lBLL01$h1037
=CAT  \\$a8483$b40$c20210226$lBLL01$h1359
=CAT  \\$aIPL-CLA$c20210331$lBLL01$h1657
=CAT  \\$aBATCH-UPD$b00$c20210707$lBLL01$h1601
=CAT  \\$aIPL-CLA$c20210707$lBLL01$h1842
=CAT  \\$aBATCH-UPD$b00$c20220520$lBLL01$h1633
=CAT  \\$aIPL-CLA$c20220630$lBLL01$h1535
=CAT  \\$aBATCH-UPD$b00$c20220824$lBLL01$h0859
=CAT  \\$aIPL-CLA$c20220930$lBLL01$h1425
=CFI  0\$aCurrent copyright fee: GBP36.32$c19\0$e01-oct-2022$fGBP36.32$g0$hP$5Uk
=CFI  2\$aPrevious copyright fee: GBP34.86$c19\0$e01-jul-2022$fGBP34.86$g0$hP$5Uk
=FFP  \\$aY$bBLDSS-3PM
=FIN  \\$aY
=FMT  \\$a  SE
=LAS  \\$aIPL-CLA$b00$c20220930$lBLL01$h1425
=LEO  \\$aMP25.0000209643
=LEO  \\$aMP10.0000321664
=SRC  \\$aSRI01$bbibmp25.200404.2.aa
=SRC  \\$aDSS01$bbibmp10.200404.2.aa
=TCO  \\$aTRS$bCCC$c008
=TOC  \\$aETOC
=UNO  \\$aY

