=LDR  07082cas a2201369 a 4500
=001  010489861
=003  Uk
=005  20211231153911.0
=007  ta
=008  780517d19722016fr\br\p\\\\\\\0\\\b0fre\\
=019  0\$as263743004
=019  c\$a2094002
=022  0\$a0368-2315
=040  \\$aUk$cUk$dUk
=042  \\$aukblsr
=082  04$a618$221
=084  \\$aGW 0$2blsrissc
=222  \0$aJournal de gynécologie obstétrique et biologie de la reproduction
=245  00$aJournal de gynécologie obstétrique et biologie de la reproduction.
=260  \\$aParis :$bMasson,$c1972-2016.
=300  \\$c24cm.
=310  \\$aBi-monthly
=336  \\$atext$2rdacontent
=337  \\$aunmediated$2rdamedia
=338  \\$avolume$2rdacarrier
=500  \\$aOrgan of the Fédération des sociétés de gynécologie et d'obstétrique de langue française.
=505  0\$aIncludes reports of the 24th, etc. congresses of the Fédération.
=540  \\$aCurrent copyright fee: GBP34.30$c5\1$5Uk
=595  \\$aSRIS SHARED STOCK. Formerly 4233.750000 up to v. 70, no. 5 (1971) Also formerly 2512.200000 up to v. 23 (1971) See also Card Index.
=650  \0$aGynecology$vPeriodicals.
=650  \0$aObstetrics$vPeriodicals.
=710  2\$aFédération des sociétés de gynécologie et d'obstétrique de langue française.
=776  08$iAlso issued online as:$tJournal de gynécologie obstétrique et biologie de la reproduction$x1773-0430
=852  41$aBritish Library$bDSC$j4996.600000$3Vol. 1 (1972)-v. 25, n. 8 (1996)
=852  71$aBritish Library$bSTI$k(P)$hGW 0$m-F(2)$2blsrissc$3Tome 1, suppl. 2 (1972); tome 2 (1973)-v. 42, n. 8 (2013)***Deficient : tome 5, no 2 (1976); tome 6, no 6 (1977)
=856  \\$31850-9999$uhttp://www.elsevier.com/journals$xBLDSS
=945  \\$aJournal de gynecologie obstetrique et biologie de la reproduction
=959  \\$fHeld but not currently received
=965  \\$aRecord merged by DQ team
=968  \\$ac
=985  \\$aUnclear if continued online only as Journal of gynecology obstetrics and human reproduction or also in print (print version still provisional ISSN as at 15/9/21)
=985  \\$aCONFERENCE ANALYTIC RECORDS EXIST
=ACF  \\$aPrevious Copyright Fee: GBP21.00$c5\1$e27-jan-2012$fGBP21.00$g0$hP$5Uk
=ACF  \\$aPrevious Copyright Fee: GBP21.00$c0$e01-jan-2012$fGBP21.00$g0$hC$5Uk
=ACF  \\$aPrevious Copyright Fee: GBP20.00$c0$e01-oct-2011$fGBP20.00$g0$hC$5Uk
=ACF  \\$aPrevious Copyright Fee: GBP20.00$c0$e01-jul-2011$fGBP20.00$g0$hC$5Uk
=ACF  \\$aPrevious Copyright Fee: GBP20.00$c0$e01-apr-2011$fGBP20.00$g0$hC$5Uk
=ACF  \\$aPrevious Copyright Fee: GBP20.00$c0$e01-jan-2011$fGBP20.00$g0$hC$5Uk
=ACF  \\$aPrevious Copyright Fee: GBP20.00$c0$e01-oct-2010$fGBP20.00$g0$hC$5Uk
=ACF  \\$aPrevious Copyright Fee: GBP20.00$c0$e01-jul-2010$fGBP20.00$g0$hC$5Uk
=ACF  \\$aPrevious Copyright Fee: GBP20.00$c0$e01-apr-2010$fGBP20.00$g0$hC$5Uk
=ACF  \\$aPrevious Copyright Fee: GBP20.00$c0$e01-Jan-2010$fGBP20.00$g0$hC$5Uk
=ACF  \\$aPrevious Copyright Fee: GBP20.00$c0$e01-oct-2009$fGBP20.00$g0$hC$5Uk
=ACF  \\$aPrevious Copyright Fee: GBP20.00$c0$e01-jul-2009$fGBP20.00$g0$hC$5Uk
=ACF  \\$aPrevious Copyright Fee: GBP20.00$c0$e01-apr-2009$fGBP20.00$g0$hC$5Uk
=ACF  \\$aPrevious Copyright Fee: GBP20.00$c0$e01-jan-2009$fGBP20.00$g0$hC$5Uk
=ACF  \\$aPrevious Copyright Fee: GBP19.00$c0$e01-jul-2008$fGBP19.00$g0$hC$5Uk
=ACF  \\$aPrevious Copyright Fee: GBP19.00$c0$e01-apr-2008$fGBP19.00$g0$hC$5Uk
=ACF  \\$aPrevious Copyright Fee: GBP19.00$c0$e01-jan-2008$fGBP19.00$g0$hC$5Uk
=ACF  \\$aPrevious Copyright Fee: GBP2.30$c0$e01-oct-2007$fGBP2.30$g0$hC$5Uk
=ACF  \\$aPrevious Copyright Fee: GBP2.30$c0$e01-jul-2007$fGBP2.30$g0$hC$5Uk
=ACF  \\$aPrevious Copyright Fee: GBP2.36$c0$e01-apr-2007$fGBP2.36$g0$hC$5Uk
=ACF  \\$aPrevious Copyright Fee: GBP2.49$c0$e01-jan-2007$fGBP2.49$g0$hC$5Uk
=ACF  \\$aPrevious Copyright Fee: GBP2.49$c0$e01-oct-2006$fGBP2.49$g0$hC$5Uk
=ACF  \\$aPrevious Copyright Fee: GBP2.63$c0$e01-jul-2006$fGBP2.63$g0$hC$5Uk
=ACF  \\$aPrevious Copyright Fee: GBP2.63$c0$e01-apr-2006$fGBP2.63$g0$hC$5Uk
=ACF  \\$aPrevious Copyright Fee: GBP2.56$c0$e01-jan-2006$fGBP2.56$g0$hC$5Uk
=ACF  \\$aPrevious Copyright Fee: GBP2.49$c0$e01-oct-2005$fGBP2.49$g0$hC$5Uk
=ACF  \\$aPrevious Copyright Fee: GBP2.49$c0$e01-jul-2005$fGBP2.49$g0$hC$5Uk
=ACF  \\$aPrevious Copyright Fee: GBP2.49$c0$e01-apr-2005$fGBP2.49$g0$hC$5Uk
=ACF  \\$aPrevious Copyright Fee: GBP2.56$c0$e01-jan-2005$fGBP2.56$g0$hC$5Uk
=ACF  \\$aPrevious Copyright Fee: GBP2.49$c0$e01-oct-2004$fGBP2.49$g0$hC$5Uk
=ACF  \\$aPrevious copyright fee: GBP2.49$c0$e01-apr-2004$fGBP2.49$g0$hC$5Uk
=ACF  \\$aCurrent copyright fee: GBP2.71$c0$e01-jan-2004$fGBP2.71$g0$hC$5Uk
=ACF  \\$aCurrent copyright fee: GBP2.88$c0$e01-jan-2003$fGBP2.88$g0$hC$5Uk
=ACF  \\$aPrevious copyright fee: GBP21.00$c0$e02-jul-2012$fGBP21.00$g0$hC$5Uk
=ACF  \\$aPrevious copyright fee: GBP21.00$c5\1$e27-sep-2012$fGBP21.00$g0$hP$5Uk
=ACF  \\$aPrevious copyright fee: GBP22.50$c5\1$e01-jan-2013$fGBP22.50$g0$hP$5Uk
=ACF  \\$aPrevious copyright fee: GBP23.40$c5\1$e01-jan-2018$fGBP23.40$g0$hP$5Uk
=CAT  \\$aCONV$b00$c20040425$lBLL90$h0705
=CAT  \\$aIPL-CLA$c20111230$lBLL01$h1847
=CAT  \\$a12654$b40$c20120126$lBLL01$h1333
=CAT  \\$a12500$b40$c20120127$lBLL01$h1114
=CAT  \\$a6162$b40$c20120525$lBLL01$h1650
=CAT  \\$aBATCH-UPD$b40$c20120614$lBLL01$h2120
=CAT  \\$a6162$b40$c20120628$lBLL01$h1602
=CAT  \\$a5552$b40$c20120702$lBLL01$h1558
=CAT  \\$aBATCH-CLA$b00$c20120831$lBLL01$h1529
=CAT  \\$a5552$b40$c20120927$lBLL01$h1331
=CAT  \\$aBATCH-CLA$b00$c20121105$lBLL01$h1742
=CAT  \\$aBATCH-UPD$b00$c20121121$lBLL01$h1654
=CAT  \\$aIPL-CLA$c20121231$lBLL01$h1258
=CAT  \\$aIPL-CLA$c20130102$lBLL01$h1708
=CAT  \\$aWR13.005$c20130322$lBLL01$h2010
=CAT  \\$aWR13_200$c20140112$lBLL01$h2235
=CAT  \\$a8124$b40$c20140513$lBLL01$h1243
=CAT  \\$aBLDSS-3PM$b00$c20141222$lBLL01$h1711
=CAT  \\$aBATCH-UPD$b00$c20170323$lBLL01$h2048
=CAT  \\$aBATCH-UPD$b00$c20171121$lBLL01$h1740
=CAT  \\$aIPL-CLA$c20171231$lBLL01$h1514
=CAT  \\$aBATCH-UPD$b00$c20190521$lBLL01$h1432
=CAT  \\$aIPL-CLA$c20190630$lBLL01$h1529
=CAT  \\$a8124$b40$c20210916$lBLL01$h0941
=CAT  \\$aBATCH-UPD$b40$c20211119$lBLL01$h1550
=CAT  \\$aIPL-CLA$c20211231$lBLL01$h1539
=CFI  0\$aCurrent copyright fee: GBP34.30$c5\1$e01-jan-2022$fGBP34.30$g0$hP$5Uk
=CFI  2\$aPrevious copyright fee: GBP32.84$c5\1$e01-jul-2019$fGBP32.84$g0$hP$5Uk
=FFP  \\$aY$bBLDSS-3PM
=FIN  \\$aY
=FMT  \\$a  SE
=LAS  \\$aIPL-CLA$b00$c20211231$lBLL01$h1539
=LEO  \\$aMP25.0000105788
=LEO  \\$aMP10.0000322054
=SRC  \\$aSRI01$bbibmp25.200404.2.aa
=SRC  \\$aDSS01$bbibmp10.200404.2.aa
=TCO  \\$aFRA$bCFC$c008
=TOC  \\$aETOC

