=LDR  05536cas a2201201 a 4500
=001  010491610
=003  Uk
=005  20131126084908.0
=007  ta
=008  860114c19849999ii\qr\p\\\\\\\0\\\a0eng\\
=019  c\$a2298964
=019  0\$as535818009
=022  0\$y0970-0838$a0973-8622
=040  \\$aUk$beng$cUk$dUk
=042  \\$aukblsr
=082  04$a547.7$223
=084  \\$aMF 00$2blsrissc
=222  \0$aJournal of polymer materials
=245  00$aJournal of polymer materials :$ban international journal.
=260  \\$aCalcutta :$bOxford & IBH Publishing Co.,$c[1984]-
=260  3\$32006-$aNew Delhi :$bMD Publications Pvt Ltd
=300  \\$av. :$bill. ;$c25 cm.
=310  \\$aQuarterly
=336  \\$atext$2rdacontent
=337  \\$aunmediated$2rdamedia
=338  \\$avolume$2rdacarrier
=362  1\$aBegan in 1984.
=540  \\$aBritish Library not licensed to copy$c0$5Uk
=588  \\$aDescription based on: Vol. 2, no. 1 (March 1985).
=588  \\$aLatest issue consulted: Vol. 30, no. 2 (April/June 2013).
=595  \\$aSEE ALSO CARD INDEX.
=650  \0$aPolymers$vPeriodicals.
=776  08$iAlso issued online as:$tJournal of polymer materials$x0976-3449
=852  71$aBritish Library$bSTI$k(P)$hMF 00$m-E(35)$2blsrissc$31984-1996; Vol.1-13.
=852  41$aBritish Library$bDSC$j5040.998000$3Vol. 3, no. 2 (1986)-
=945  \\$aJOURNAL OF POLYMER MATERIALS.
=959  \\$fCurrently received
=985  \\$aCorrected by MS generated file for WR# 12.018
=985  \\$aRecord merged by DQ team
=985  \\$aISSN UK note: ISSN 0970-0838 cancelled by ISSN India in favour of ISSN 0973-8622 (see Richard Brown (Leeds), 25/11/13)
=A02  \\$a2298964
=ACF  \\$aPrevious Copyright Fee: GBP21.43$c0$e01-jul-2009$fGBP21.43$g0$hC$5Uk
=ACF  \\$aPrevious Copyright Fee: GBP21.43$c0$e01-apr-2009$fGBP21.43$g0$hC$5Uk
=ACF  \\$aPrevious Copyright Fee: GBP18.75$c0$e01-jan-2009$fGBP18.75$g0$hC$5Uk
=ACF  \\$aPrevious Copyright Fee: GBP15.00$c0$e01-oct-2008$fGBP15.00$g0$hC$5Uk
=ACF  \\$aPrevious Copyright Fee: GBP15.00$c0$e01-jul-2008$fGBP15.00$g0$hC$5Uk
=ACF  \\$aPrevious Copyright Fee: GBP15.00$c0$e01-apr-2008$fGBP15.00$g0$hC$5Uk
=ACF  \\$aPrevious Copyright Fee: GBP11.00$c0$e01-jan-2008$fGBP11.00$g0$hC$5Uk
=ACF  \\$aPrevious Copyright Fee: GBP11.00$c0$e01-oct-2007$fGBP11.00$g0$hC$5Uk
=ACF  \\$aPrevious Copyright Fee: GBP11.00$c0$e01-jul-2007$fGBP11.00$g0$hC$5Uk
=ACF  \\$aPrevious Copyright Fee: GBP11.28$c0$e01-apr-2007$fGBP11.28$g0$hC$5Uk
=ACF  \\$aPrevious Copyright Fee: GBP11.89$c0$e01-jan-2007$fGBP11.89$g0$hC$5Uk
=ACF  \\$aPrevious Copyright Fee: GBP11.89$c0$e01-oct-2006$fGBP11.89$g0$hC$5Uk
=ACF  \\$aPrevious Copyright Fee: GBP12.57$c0$e01-jul-2006$fGBP12.57$g0$hC$5Uk
=ACF  \\$aPrevious Copyright Fee: GBP8.57$c0$e01-apr-2006$fGBP8.57$g0$hC$5Uk
=ACF  \\$aPrevious Copyright Fee: GBP8.33$c0$e01-jan-2006$fGBP8.33$g0$hC$5Uk
=ACF  \\$aPrevious Copyright Fee: GBP8.11$c0$e01-oct-2005$fGBP8.11$g0$hC$5Uk
=ACF  \\$aPrevious Copyright Fee: GBP8.11$c0$e01-jul-2005$fGBP8.11$g0$hC$5Uk
=ACF  \\$aPrevious Copyright Fee: GBP8.11$c0$e01-apr-2005$fGBP8.11$g0$hC$5Uk
=ACF  \\$aPrevious Copyright Fee: GBP8.33$c0$e01-jan-2005$fGBP8.33$g0$hC$5Uk
=ACF  \\$aPrevious Copyright Fee: GBP8.11$c0$e01-oct-2004$fGBP8.11$g0$hC$5Uk
=ACF  \\$aPrevious copyright fee: GBP1.24$c0$e01-apr-2004$fGBP1.24$g0$hC$5Uk
=ACF  \\$aCurrent copyright fee: GBP1.35$c0$e01-jan-2004$fGBP1.35$g0$hC$5Uk
=ACF  \\$aCurrent copyright fee: GBP1.44$c0$e01-jan-2003$fGBP1.44$g0$hC$5Uk
=ACF  \\$aPrevious copyright fee: GBP10.50$c0$e01-jan-2011$fGBP10.50$g0$hA$5Uk
=ACF  \\$aBritish Library not licensed to copy$c0$e07-sep-2011$hC$iTX$5Uk
=CAT  \\$aCONV$b00$c20040425$lBLL90$h0705
=CAT  \\$aBATCH-UPD$b00$c20090701$lBLL01$h1957
=CAT  \\$aBATCH-UPD$b00$c20090701$lBLL01$h2034
=CAT  \\$aBATCH$b00$c20090701$lBLL01$h2055
=CAT  \\$aBATCH$b00$c20091210$lBLL01$h0204
=CAT  \\$aBATCH$b00$c20091214$lBLL01$h0550
=CAT  \\$aBATCH$b00$c20091216$lBLL01$h0145
=CAT  \\$aBATCH-UPD$b00$c20101201$lBLL01$h1232
=CAT  \\$aIPL-CLA$c20101231$lBLL01$h1348
=CAT  \\$aBATCH-UPD$b00$c20110907$lBLL01$h1813
=CAT  \\$aIPL-CLA$c20110908$lBLL01$h1728
=CAT  \\$aBATCH-UPD$b00$c20120614$lBLL01$h2121
=CAT  \\$aBLSS-CORR$b00$c20120724$lBLL01$h1757
=CAT  \\$aBATCH-CLA$b00$c20121105$lBLL01$h1741
=CAT  \\$aBATCH-CLA$b00$c20130228$lBLL01$h1709
=CAT  \\$aWR13.005$c20130322$lBLL01$h2012
=CAT  \\$aIPL-CLA$c20130331$lBLL01$h1049
=CAT  \\$a540_fix$c20130403$lBLL01$h2009
=CAT  \\$aBATCH-CLA$b00$c20130531$lBLL01$h1642
=CAT  \\$aIPL-CLA$c20130701$lBLL01$h0025
=CAT  \\$a10806$b40$c20131121$lBLL01$h0902
=CAT  \\$a10806$b40$c20131121$lBLL01$h0904
=CAT  \\$a10806$b40$c20131121$lBLL01$h0908
=CAT  \\$a10806$b40$c20131125$lBLL01$h1139
=CAT  \\$a10806$b40$c20131126$lBLL01$h0847
=CAT  \\$a10806$b40$c20131126$lBLL01$h0849
=CFI  0\$aBritish Library not licensed to copy$c0$e01-jul-2013$hC$iCFP Excluded$5Uk
=CFI  2\$aBritish Library not licensed to copy$c0$e01-apr-2013$hC$iCFP Excluded$5Uk
=FIN  \\$aY$d20131121
=FMT  \\$a  SE
=LAS  \\$a10806$b40$c20131126$lBLL01$h0849
=LEO  \\$aMP25.0000227063
=LEO  \\$aMP10.0000324800
=SRC  \\$aSRI01$bbibmp25.200404.2.aa
=SRC  \\$aDSS01$bbibmp10.200404.2.aa
=TCO  \\$aXXX$c008
=TOC  \\$aETOC

