=LDR  07473 as a2201465 a 4500
=001  010492597
=003  Uk
=005  20120124122303.0
=007  ta
=008  751229d19611994xxumr\p\\\\\\\0\\\a0eng\\
=019  c\$a2095263
=019  0\$as274456001
=022  0\$a0022-5282$z1079-6061
=040  \\$aUk$cUk$dUk
=082  04$a617.1$222
=084  \\$aGY 10$2blsrissc
=210  0\$aJ. trauma
=222  \4$aThe Journal of trauma
=245  04$aThe journal of trauma.
=260  \\$aBaltimore, Md :$bWilliams & Wilkins,$c1961-1994.
=300  \\$av.$bill.$c26-28 cm.
=310  \\$aMonthly,$b<1980>-
=321  \\$aBimonthly,$b1961-
=336  \\$atext$2rdacontent
=337  \\$aunmediated$2rdamedia
=338  \\$avolume$2rdacarrier
=362  0\$av. 1- ; 1961-
=500  \\$aSponsored by the American Association for the Surgery of Trauma.
=540  \\$aCurrent copyright fee: GBP39.00$c20\0$5Uk
=550  \\$aSponsored by: American Association for the Surgery of Trauma; Eastern Association for the Surgery of Trauma; Trauma Association of Canada, <Jan. 1995- >; and Western Trauma Association, <Jan. 1995- >
=595  \\$aCONTD AS 5070.512 VOL. 38, 1995-
=650  \0$aTraumatology$vPeriodicals.
=650  \0$aCritical care medicine$vPeriodicals.
=650  \0$aWounds and injuries$vPeriodicals.
=710  2\$aTrauma Association of Canada.
=710  2\$aWestern Trauma Association.
=710  2\$aAmerican Association for the Surgery of Trauma.
=785  00$tJournal of trauma, injury, infection and critical care
=852  71$aBritish Library$bSTI$k(P)$hGY 10$m-E(1)$2blsrissc$3Vol. 1 (1961)- v. 37 (1994)***UKRR Retained Title***Deficient: vol.2, 1962; vol.5 1965- vol.6, 1966; vol.31, no.6-7, no 10-11, 1991
=852  41$aBritish Library$bDSC$j5070.500000$3Vol. 1, no. 1 (1961)- vol. 37, no. 6 (1994)***UKRR Retained Title
=856  \\$31850-9999$uhttp://journals.lww.com$xBLDSS
=945  \\$aJOURNAL OF TRAUMA -BALTIMORE-.
=959  \\$fHeld but not currently received
=963  \\$aCA/M-7 VOL. 16, 1976- *A=1$bN
=985  \\$aRecord merged by DQ team
=985  \\$aUS ISSN Centre have since cancelled ISSN 1079-6061 and regard the change to "Journal of trauma, injury, infection and critical care" as a minor C/T. Our records are now out of synch with the OCLC one.
=A02  \\$a2095263
=ACF  \\$aPrevious copyright fee: GBP27.65$c20\0$e01-jul-2011$fGBP27.65$g0$hP$5Uk
=ACF  \\$aPrevious copyright fee: GBP19.35$c20\0$e21-jan-2011$fGBP19.35$g0$hP$5Uk
=ACF  \\$aCurrent Copyright Fee: GBP17.50$c0$e01-jan-2011$fGBP17.50$g0$hC$5Uk
=ACF  \\$aPrevious Copyright Fee: GBP17.50$c0$e01-oct-2010$fGBP17.50$g0$hC$5Uk
=ACF  \\$aPrevious Copyright Fee: GBP17.50$c0$e01-jul-2010$fGBP17.50$g0$hC$5Uk
=ACF  \\$aPrevious Copyright Fee: GBP17.50$c0$e01-apr-2010$fGBP17.50$g0$hC$5Uk
=ACF  \\$aPrevious Copyright Fee: GBP17.50$c0$e01-Jan-2010$fGBP17.50$g0$hC$5Uk
=ACF  \\$aPrevious Copyright Fee: GBP17.50$c0$e01-oct-2009$fGBP17.50$g0$hC$5Uk
=ACF  \\$aPrevious Copyright Fee: GBP25.00$c0$e01-jul-2009$fGBP25.00$g0$hC$5Uk
=ACF  \\$aPrevious Copyright Fee: GBP25.00$c0$e01-apr-2009$fGBP25.00$g0$hC$5Uk
=ACF  \\$aPrevious Copyright Fee: GBP21.88$c0$e01-jan-2009$fGBP21.88$g0$hC$5Uk
=ACF  \\$aPrevious Copyright Fee: GBP17.50$c0$e01-oct-2008$fGBP17.50$g0$hC$5Uk
=ACF  \\$aPrevious Copyright Fee: GBP17.50$c0$e01-jul-2008$fGBP17.50$g0$hC$5Uk
=ACF  \\$aPrevious Copyright Fee: GBP17.50$c0$e01-apr-2008$fGBP17.50$g0$hC$5Uk
=ACF  \\$aPrevious Copyright Fee: GBP15.00$c0$e01-jan-2008$fGBP15.00$g0$hC$5Uk
=ACF  \\$aPrevious Copyright Fee: GBP15.00$c0$e01-oct-2007$fGBP15.00$g0$hC$5Uk
=ACF  \\$aPrevious Copyright Fee: GBP15.00$c0$e01-jul-2007$fGBP15.00$g0$hC$5Uk
=ACF  \\$aPrevious Copyright Fee: GBP15.38$c0$e01-apr-2007$fGBP15.38$g0$hC$5Uk
=ACF  \\$aPrevious Copyright Fee: GBP16.22$c0$e01-jan-2007$fGBP16.22$g0$hC$5Uk
=ACF  \\$aPrevious Copyright Fee: GBP16.22$c0$e01-oct-2006$fGBP16.22$g0$hC$5Uk
=ACF  \\$aPrevious Copyright Fee: GBP17.14$c0$e01-jul-2006$fGBP17.14$g0$hC$5Uk
=ACF  \\$aPrevious Copyright Fee: GBP17.14$c0$e01-apr-2006$fGBP17.14$g0$hC$5Uk
=ACF  \\$aPrevious Copyright Fee: GBP16.67$c0$e01-jan-2006$fGBP16.67$g0$hC$5Uk
=ACF  \\$aPrevious Copyright Fee: GBP16.22$c0$e01-oct-2005$fGBP16.22$g0$hC$5Uk
=ACF  \\$aPrevious Copyright Fee: GBP16.22$c0$e01-jul-2005$fGBP16.22$g0$hC$5Uk
=ACF  \\$aPrevious Copyright Fee: GBP16.22$c0$e01-apr-2005$fGBP16.22$g0$hC$5Uk
=ACF  \\$aPrevious Copyright Fee: GBP13.89$c0$e01-jan-2005$fGBP13.89$g0$hC$5Uk
=ACF  \\$aPrevious Copyright Fee: GBP13.51$c0$e01-oct-2004$fGBP13.51$g0$hC$5Uk
=ACF  \\$aPrevious copyright fee: GBP13.51$c0$e01-apr-2004$fGBP13.51$g0$hC$5Uk
=ACF  \\$aCurrent copyright fee: GBP14.71$c0$e01-jan-2004$fGBP14.71$g0$hC$5Uk
=ACF  \\$aCurrent copyright fee: GBP15.63$c0$e01-jan-2003$fGBP15.63$g0$hC$5Uk
=ACF  \\$aPrevious copyright fee: GBP36.77$c20\0$e07-may-2012$fGBP36.77$g0$hP$5Uk
=ACF  \\$aPrevious copyright fee: GBP34.55$c20\0$e01-jul-2012$fGBP34.55$g0$hP$5Uk
=ACF  \\$aPrevious copyright fee: GBP35.63$c20\0$e01-jan-2013$fGBP35.63$g0$hP$5Uk
=ACF  \\$aPrevious copyright fee: GBP36.77$c20\0$e01-jul-2013$fGBP36.77$g0$hP$5Uk
=ACF  \\$aPrevious copyright fee: GBP35.63$c20\0$e01-jan-2014$fGBP35.63$g0$hP$5Uk
=ACF  \\$aPrevious copyright fee: GBP34.55$c20\0$e01-jul-2014$fGBP34.55$g0$hP$5Uk
=ACF  \\$aPrevious copyright fee: GBP36.77$c20\0$e01-apr-2015$fGBP36.77$g0$hP$5Uk
=ACF  \\$aPrevious copyright fee: GBP38.00$c20\0$e01-jul-2015$fGBP38.00$g0$hP$5Uk
=CAT  \\$aCONV$b00$c20040425$lBLL90$h0705
=CAT  \\$aBATCH-UPD$b00$c20120614$lBLL01$h2121
=CAT  \\$aIPL-CLA$c20120629$lBLL01$h1013
=CAT  \\$aBATCH-CLA$b00$c20121105$lBLL01$h1741
=CAT  \\$aBATCH-UPD$b00$c20121121$lBLL01$h1615
=CAT  \\$aIPL-CLA$c20121231$lBLL01$h1258
=CAT  \\$aIPL-CLA$c20130102$lBLL01$h1709
=CAT  \\$aWR13.005$c20130322$lBLL01$h2012
=CAT  \\$aBATCH-UPD$b00$c20130522$lBLL01$h1716
=CAT  \\$aIPL-CLA$c20130701$lBLL01$h0025
=CAT  \\$aBATCH-UPD$b00$c20131119$lBLL01$h2012
=CAT  \\$aIPL-CLA$c20131231$lBLL01$h2124
=CAT  \\$aBATCH-UPD$b00$c20140527$lBLL01$h2029
=CAT  \\$aBATCH-CLA$c20140528$lBLL01$h1731
=CAT  \\$aIPL-CLA$c20140630$lBLL01$h1709
=CAT  \\$aBLDSS-3PM$b00$c20141116$lBLL01$h1731
=CAT  \\$aBATCH-UPD$b00$c20150219$lBLL01$h1723
=CAT  \\$aIPL-CLA$c20150331$lBLL01$h1626
=CAT  \\$aBATCH-UPD$b00$c20150520$lBLL01$h1734
=CAT  \\$aIPL-CLA$c20150630$lBLL01$h1638
=CAT  \\$aBATCH-UPD$b00$c20150820$lBLL01$h1826
=CAT  \\$aIPL-CLA$c20150930$lBLL01$h1753
=CAT  \\$aBATCH-UPD$b00$c20160217$lBLL01$h1714
=CAT  \\$aIPL-CLA$c20160331$lBLL01$h1712
=CAT  \\$aBATCH-UPD$b00$c20160524$lBLL01$h2155
=CAT  \\$aBATCH-UPD$b00$c20160524$lBLL01$h2238
=CFI  0\$aCurrent copyright fee: GBP39.00$c20\0$e01-apr-2016$fGBP39.00$g0$hP$5Uk
=CFI  2\$aPrevious copyright fee: GBP36.77$c20\0$e01-oct-2015$fGBP36.77$g0$hP$5Uk
=FFP  \\$aY$bBLDSS-3PM
=FIN  \\$aY
=FMT  \\$a  SE
=LAS  \\$aBATCH-UPD$b00$c20160524$lBLL01$h2238
=LEO  \\$aMP25.0000111890
=LEO  \\$aMP10.0000326344
=SRC  \\$aSRI01$bbibmp25.200404.2.aa
=SRC  \\$aDSS01$bbibmp10.200404.2.aa
=TCO  \\$aTRS$bCCC$c008
=TOC  \\$aETOC
=UNO  \\$aY

