=LDR  03889 as a2200889 a 4500
=001  010497625
=003  Uk
=005  20190627140706.0
=007  ta
=008  900928c19899999pl\uu\\\\\\\\o0\\\b0pol\\
=019  c\$a2433013
=019  1\$ar6444590
=022  \\$y0867-1346$y0867-261X
=040  \\$aUk$beng$cUk$dUk
=042  \\$aukblsr
=082  04$a328.43802$223
=110  1\$aPoland.$bSenat.
=245  10$aSprawozdanie Stenograficzne z ... posiedzenia Senatu Polskiej Rzeczypospolitej Ludowej /$cSenat Polskiej Rzeczypospolitej Ludowej.
=246  1\$iMinor title change:$aSprawozdanie Stenograficzne z ... posiedzenia Senatu Rzeczypospolitej Polskiej,$f1990-
=260  \\$aWarszawa :$bSenat Polskiej Rzeczypospolitej Ludowej,$c1989-
=264  \1$31990-$aWarszawa :$bSenat Rzeczypospolitej Polskiej
=300  \\$c30 cm.
=336  \\$atext$2rdacontent
=337  \\$aunmediated$2rdamedia
=338  \\$avolume$2rdacarrier
=362  1\$aBegan in 1989 from Kadencja 1.
=540  \\$aBritish Library not licensed to copy$c0$5Uk
=651  \0$aPoland$xPolitics and government$y1989-$vPeriodicals.
=776  08$iMicrofiche version:$aPoland. Senat.$tSprawozdanie Stenograficzne z ... posiedzenia Senatu Polskiej Rzeczypospolitej Ludowej
=852  41$aBritish Library$bHMNTS$jSK.41/5$3Kadencja 1, posiedzenia 1-kadencja 1, posiedzenia 15 (1989)
=886  2\$2blmarc$a092$b00$a8421.700000n
=945  \\$aSPRAWOZDANIE STENOGRAFICZNE.
=957  \\$a9007E
=979  \\$aBritish Library$bDSC$j8421.700000N
=985  \\$aTwo ISSNs relate to this record, denoting a change in the representation of the same corporate body from 1990. This is not a true c/t, so have not aligned this record with ISSN & have added 022 {dollar}yx2 instead, CS
=A02  \\$a2433013
=ACF  \\$aPrevious copyright fee: GBP9.00$c0$e01-apr-2010$fGBP9.00$g0$hA$5Uk
=ACF  \\$aPrevious copyright fee: GBP6.00$c0$e01-apr-2008$fGBP6.00$g0$hA$5Uk
=ACF  \\$aPrevious copyright fee: GBP5.00$c0$e01-jul-2002$fGBP5.00$g0$hA$5Uk
=ACF  \\$aCurrent copyright fee: GBP4.40$c0$e01-jul-1998$fGBP4.40$g0$hA$5Uk
=ACF  \\$aCurrent copyright fee: GBP4.20$c0$e01-apr-1997$fGBP4.20$g0$hA$5Uk
=CAT  \\$aCONV$b00$c20040425$lBLL90$h0710
=CAT  \\$aBATCH-UPD$b40$c20080330$lBLL01$h1350
=CAT  \\$aBATCH$b00$c20080330$lBLL01$h2109
=CAT  \\$a12420$b40$c20080613$lBLL01$h1444
=CAT  \\$aBATCH$b00$c20091122$lBLL01$h1446
=CAT  \\$aBATCH$b00$c20091210$lBLL01$h0207
=CAT  \\$aBATCH$b00$c20091214$lBLL01$h0551
=CAT  \\$aBATCH$b00$c20091216$lBLL01$h0146
=CAT  \\$aBATCH-UPD$b00$c20100226$lBLL01$h0032
=CAT  \\$aBATCH-UPD$b00$c20100331$lBLL01$h2220
=CAT  \\$aBATCH-UPD$b00$c20100401$lBLL01$h0152
=CAT  \\$aBATCH$b00$c20100401$lBLL01$h0453
=CAT  \\$aBATCH$b00$c20100401$lBLL01$h1516
=CAT  \\$aBATCH-UPD$b00$c20101124$lBLL01$h1851
=CAT  \\$aBATCH-UPD$b00$c20101125$lBLL01$h1112
=CAT  \\$aIPL-CLA$c20101231$lBLL01$h1350
=CAT  \\$aBATCH-UPD$b00$c20110907$lBLL01$h1813
=CAT  \\$aIPL-CLA$c20110908$lBLL01$h1728
=CAT  \\$aBATCH-CLA$b00$c20121105$lBLL01$h1741
=CAT  \\$aWR13.005$c20130322$lBLL01$h2014
=CAT  \\$aBATCH-UPD$b00$c20141110$lBLL01$h1652
=CAT  \\$aBATCH-UPD$b00$c20160728$lBLL01$h2025
=CAT  \\$a8124$b40$c20190627$lBLL01$h1241
=CAT  \\$a8124$b40$c20190627$lBLL01$h1308
=CAT  \\$a8124$b40$c20190627$lBLL01$h1357
=CAT  \\$a8124$b40$c20190627$lBLL01$h1407
=CFI  0\$aBritish Library not licensed to copy$c0$e07-sep-2011$hC$iTX$5Uk
=CFI  2\$aPrevious copyright fee: GBP10.50$c0$e01-jan-2011$fGBP10.50$g0$hA$5Uk
=FIN  \\$aY
=FMT  \\$a  SE
=LAS  \\$a8124$b40$c20190627$lBLL01$h1407
=LEO  \\$aMP13.0001036223
=LEO  \\$aMP10.0000547196
=SRC  \\$aHSS01$bbibmp13.200404.2.ab
=SRC  \\$aDSS01$bbibmp10.200404.2.aa
=TCO  \\$aXXX$c008

