=LDR  03758cas a2200901   4500
=001  010498566
=003  Uk
=005  20221231194941.0
=007  h||||||||||||
=008  040410d19771982enkuu\\\b\\\\\0\\\a0eng\\
=019  c\$a2159570
=022  0\$a0141-6693
=040  \\$aUk$cUk$dUk
=042  \\$aukblsr
=082  04$a025.3$223
=245  00$aStandard book numbers listing
=264  \1$a[London] :$b[Whitaker's Booklisting Services Ltd],$c1977-1982.
=300  \\$amicrofiche :$bnegative
=336  \\$atext$2rdacontent
=337  \\$amicroform$2rdamedia
=338  \\$amicrofiche$2rdacarrier
=533  \\$aMicrofiche.
=540  \\$aCurrent Copyright Fee: GBP25.00$c0$5Uk
=588  \\$aDescription based on: Print version record.
=595  \\$aALL STOCK HELD FLOOR 3 ID.
=650  \0$aInternational Standard Book Numbers$vIndexes.
=650  \0$aPublishers and publishing$vIndexes.
=776  08$iPrint version:$tStandard book numbers listing$x0141-6693
=785  00$tWhitaker's ISBN listing
=852  41$aBritish Library$bDSC$j8430.255000
=945  \\$aSTANDARD BOOK NUMBERS LISTING -ON MICROFICHE-.
=959  \\$fHeld but not currently received
=985  \\$aCorrected by BSS-generated file for WR# 10/166
=985  \\$aISSN relates to print version, of which microfiche is a manifestation. Uses ISSN but no 02 or 042issnuk
=A02  \\$a2159570
=ACF  \\$aPrevious copyright fee: GBP5.00$c0$e01-jul-2002$fGBP5.00$g0$hC$5Uk
=ACF  \\$aCurrent copyright fee: GBP4.40$c0$e01-jul-1998$fGBP4.40$g0$hA$5Uk
=ACF  \\$aCurrent copyright fee: GBP4.20$c0$e01-apr-1997$fGBP4.20$g0$hA$5Uk
=ACF  \\$aPrevious copyright fee: GBP10.50$c0$e01-jan-2011$fGBP10.50$g0$hA$5Uk
=ACF  \\$aPrevious copyright fee: GBP12.00$c0$e01-jan-2012$fGBP12.00$g0$hA$5Uk
=ACF  \\$aPrevious Copyright Fee: GBP12.30$c0$e01-jan-2014$fGBP12.30$g0$hA$5Uk
=ACF  \\$aPrevious Copyright Fee: GBP15.00$c0$e01-jan-2017$fGBP15.00$g0$hA$5Uk
=ACF  \\$aPrevious Copyright Fee: GBP17.50$c0$e01-jan-2018$fGBP17.50$g0$hA$5Uk
=ACF  \\$aPrevious Copyright Fee: GBP20.00$c0$e01-jan-2020$fGBP20.00$g0$hA$5Uk
=CAT  \\$aCONV$b00$c20040425$lBLL90$h0711
=CAT  \\$aBLSS-CORR$b00$c20101119$lBLL01$h1720
=CAT  \\$aBATCH-UPD$b00$c20101201$lBLL01$h1233
=CAT  \\$aIPL-CLA$c20101231$lBLL01$h1350
=CAT  \\$aWR11_203$c20111204$lBLL01$h1413
=CAT  \\$aIPL-CLA$c20111230$lBLL01$h1850
=CAT  \\$aBATCH-CLA$b00$c20121105$lBLL01$h1740
=CAT  \\$aWR13.005$c20130322$lBLL01$h2015
=CAT  \\$aBATCH-CLA$c20131218$lBLL01$h2259
=CAT  \\$aIPL-CLA$c20131231$lBLL01$h2128
=CAT  \\$aBATCH-CLA$b00$c20161222$lBLL01$h1734
=CAT  \\$aIPL-CLA$c20161230$lBLL01$h1945
=CAT  \\$aBATCH-CLA$b00$c20171222$lBLL01$h2039
=CAT  \\$aIPL-CLA$c20171231$lBLL01$h1517
=CAT  \\$aBATCH-CLA$b00$c20191219$lBLL01$h1700
=CAT  \\$aIPL-CLA$c20191231$lBLL01$h1830
=CAT  \\$aBATCH-CLA$b00$c20201204$lBLL01$h1458
=CAT  \\$aIPL-CLA$c20201231$lBLL01$h2040
=CAT  \\$aW2102-0046$b00$c20210506$lBLL01$h1453
=CAT  \\$a8124$b40$c20220608$lBLL01$h1259
=CAT  \\$a8124$b40$c20220608$lBLL01$h1300
=CAT  \\$a8124$b40$c20220608$lBLL01$h1355
=CAT  \\$a8124$b40$c20220608$lBLL01$h1417
=CAT  \\$a8124$b40$c20220608$lBLL01$h1433
=CAT  \\$aBATCH-CLA$b00$c20221221$lBLL01$h1805
=CAT  \\$aIPL-CLA$c20221231$lBLL01$h1949
=CFI  0\$aCurrent Copyright Fee: GBP25.00$c0$e01-jan-2023$fGBP25.00$g0$hA$5Uk
=CFI  2\$aPrevious Copyright Fee: GBP22.50$c0$e01-jan-2021$fGBP22.50$g0$hA$5Uk
=FIN  \\$aY
=FMT  \\$a  SE
=LAS  \\$aIPL-CLA$b00$c20221231$lBLL01$h1949
=LEO  \\$aMP10.0000548560
=SRC  \\$aDSS01$bbibmp10.200404.2.aa
=TCO  \\$aCLA$bCLA$c008

