=LDR  03785cas a2200877 a 4500
=001  010501951
=003  Uk
=005  20220218073700.0
=007  ta
=008  040410d19822020pl\fr\p\\\\\\\0\\\b0pol\\
=019  c\$a2312756
=019  1\$a8300011404
=022  \\$a0209-0961
=040  \\$aUk$cUk$dUk
=041  0\$apol$beng$brus$feng$frus
=082  04$a327
=222  \0$aStosunki Międzynarodowe$b(Warszawa. 1982)
=245  00$aStosunki międzynarodowe /$cInstytut Stosunków Międzynarodowych.
=246  1\$iIssues for 2000- have also English cover title:$aInternational relations
=260  \\$aWarszawa :$bWydawn. Uniwersytetu Warszawskiego,$c1982-2020.
=300  \\$a56 volumes ;$c24 cm.
=310  \\$aSemiannual,$b2012-
=321  \\$aIrregular,$b1982-1999
=321  \\$aQuarterly,$b2000-2011
=336  \\$atext$2rdacontent
=337  \\$aunmediated$2rdamedia
=338  \\$avolume$2rdacarrier
=362  0\$aT. 1-volume 56 (2020).
=500  \\$aSpecial issue June 2002 is in French with French parallel title: Relations internationales.
=515  \\$aVols. carry number within the year as well as whole number; some issues combined, 2000-
=540  \\$aBritish Library not licensed to copy$c0$5Uk
=546  \\$aIn Polish; summaries in English and Russian; table of contents also in English and Russian.
=710  2\$aUniwersytet Warszawski.$bInstytut Stosunków Międzynarodowych.
=776  08$iAlso issued online as:$tStosunki Międzynarodowe$x2754-2572
=852  41$aBritish Library$bHMNTS$jX.520/31770$3T. 1 (1982)- ; t. 19 (1999)-t. 50, no. 2 (2014)
=852  41$aBritish Library$bDSC$j8466.720000$3T. 1 (1982)-t. 11 (1990)
=945  \\$aSTOSUNKI MIEDZYNARODOWE.
=959  \\$fHeld but not currently received
=963  \\$aT. 1, 1982- 16, 1992 *A=1$bN$cL214.C.537
=985  \\$aCorrected by MS generated file for WR# 12.018
=985  \\$aRecord merged by Metadata Quality team
=985  \\$aF1000 may be publishing a printed version alongside their new online version - publisher advised to quote existing ISSN 0209-0961 - will need transfer from ISSN Poland (Richard, 13/09/21)
=A02  \\$a2312756
=ACF  \\$aPrevious copyright fee: GBP5.00$c0$e01-jul-2002$fGBP5.00$g0$hC$5Uk
=ACF  \\$aCurrent copyright fee: GBP2.50$c0$e01-jul-1998$fGBP2.50$g0$hC$5Uk
=ACF  \\$aCurrent copyright fee: GBP2.30$c0$e01-apr-1997$fGBP2.30$g0$hC$5Uk
=CAT  \\$aCONV$b00$c20040425$lBLL90$h0711
=CAT  \\$aCONV$b00$c20040502$lBLL01$h1402
=CAT  \\$c20041009$lBLL01$h2039
=CAT  \\$aBATCH$b00$c20091210$lBLL01$h0209
=CAT  \\$aBATCH$b00$c20091214$lBLL01$h0552
=CAT  \\$aBATCH$b00$c20091216$lBLL01$h0146
=CAT  \\$aBATCH-UPD$b00$c20101201$lBLL01$h1233
=CAT  \\$aIPL-CLA$c20101231$lBLL01$h1352
=CAT  \\$aBATCH-UPD$b00$c20110907$lBLL01$h1814
=CAT  \\$aIPL-CLA$c20110908$lBLL01$h1729
=CAT  \\$aBLSS-CORR$b00$c20120724$lBLL01$h1757
=CAT  \\$aBATCH-CLA$b00$c20121105$lBLL01$h1740
=CAT  \\$aWR13.005$c20130323$lBLL01$h1150
=CAT  \\$a8874$b40$c20150728$lBLL01$h1156
=CAT  \\$a10695$b40$c20151217$lBLL01$h1037
=CAT  \\$a10695$b40$c20151217$lBLL01$h1039
=CAT  \\$a7983$b40$c20190315$lBLL01$h1454
=CAT  \\$a10806$b40$c20210802$lBLL01$h1426
=CAT  \\$a10806$b40$c20210913$lBLL01$h1324
=CAT  \\$a11313$b40$c20220218$lBLL01$h0737
=CFI  0\$aBritish Library not licensed to copy$c0$e07-sep-2011$hC$iTX$5Uk
=CFI  2\$aPrevious copyright fee: GBP10.50$c0$e01-jan-2011$fGBP10.50$g0$hA$5Uk
=FIN  \\$aY
=FMT  \\$a  SE
=LAS  \\$a11313$b40$c20220218$lBLL01$h0737
=LEO  \\$aMP10.0000553075
=LEO  \\$aMP13.0002652069
=SRC  \\$aHSS01$bbibmp13.200404.2.ae
=SRC  \\$aDSS01$bbibmp10.200404.2.aa
=TCO  \\$aXXX$c008

