=LDR  05385cas a2201129 a 4500
=001  010505091
=003  Uk
=005  20230125112040.0
=008  751101c19649999nyuar\\\\\\\\o0\\\a0eng\d
=016  \\$a010505091
=019  c\$a2162109
=019  x\$a2524220273
=022  \\$a0081-8224
=040  \\$aUk$cUk$dUk
=082  04$a940.1$222
=210  0\$aStud. mediev. renaiss. hist.
=222  \0$aStudies in medieval and renaissance history
=245  00$aStudies in medieval and renaissance history.
=260  \\$aLincoln :$bUniversity of Nebraska Press,$c1964-
=260  2\$a[Vancouver] :$bCommittee for Medieval Studies, University of British Columbia
=260  3\$aNew York,$bAMS Press
=300  \\$av. ;$c24 cm.
=310  \\$aAnnual
=336  \\$atext$2rdacontent
=337  \\$aunmediated$2rdamedia
=338  \\$avolume$2rdacarrier
=362  0\$av. 1-10, 1964-1973; [new ser.] v. 1- 1978- ; 3rd ser., v. 1-
=500  \\$aVols. in 3rd ser., v. 1- have also distinctive titles.
=515  \\$aSuspended 1974-1977 and 1994-<2000.
=515  \\$aNew ser., v. 1- also designated old ser., v. 11- ; 3rd ser., v. 1 also designated old ser., v. 26- and new ser., v. 16-
=515  \\$a3rd ser., v. 1 published before last vol. of new ser.
=540  \\$aBritish Library not licensed to copy$c0$5Uk
=550  \\$aIssues for 1964-1973 published by University of Nebraska Press; for <1978-> by Committee for Medieval Studies, University of British Columbia; for <1989-> by AMS Press for the Committee; 2005- by AMS Press for the Arizona Center for Medieval and Renaissance Studies.
=555  \\$aVols. 1 (1964)-v. 10 (1973) in [new ser.] v. 1 (1978).
=595  \\$aSee also card index.
=650  \0$aMiddle Ages$vPeriodicals.
=650  \0$aRenaissance$vPeriodicals.
=710  2\$aUniversity of British Columbia.$bCommittee for Medieval Studies.
=710  2\$aArizona Center for Medieval and Renaissance Studies.
=852  41$aBritish Library$bHMNTS$jZC.9.a.8246$33rd ser., vol. 2 (2005)-
=852  41$aBritish Library$bDSC$j8491.107000$3Vol. 1 (1964)- 3rd series vol. 11 (2014)***UKRR Retained Title***Stock Incomplete
=852  41$aBritish Library$bHMNTS$jP.P.8006.hf.$31964-
=945  \\$aStudies in medieval and renaissance history
=958  \\$aX:520/14132
=959  \\$fHeld but not currently received
=963  \\$aVolume 1 (1964)-$bN$cP532.C.58
=964  \\$aVolume 1 (1964)-$c93$dO$eJS87404
=985  \\$aISSN UK note: Phone call from Rob at Herald Academic. They are the new publisher from March 2023. Will need transfer from U.S. Center to enable update of ISSN record. Email sent to Rob with details of what to do (sent 25/01/23).
=A02  \\$a2162109
=ACF  \\$aPrevious copyright fee: GBP9.00$c0$e01-apr-2010$fGBP9.00$g0$hA$5Uk
=ACF  \\$aPrevious copyright fee: GBP6.00$c0$e01-apr-2008$fGBP6.00$g0$hA$5Uk
=ACF  \\$aPrevious copyright fee: GBP5.00$c0$e01-jul-2002$fGBP5.00$g0$hA$5Uk
=ACF  \\$aCurrent copyright fee: GBP2.50$c0$e01-jul-1998$fGBP2.50$g0$hC$5Uk
=ACF  \\$aCurrent copyright fee: GBP2.30$c0$e01-apr-1997$fGBP2.30$g0$hC$5Uk
=ACF  \\$aPrevious copyright fee: GBP10.50$c0$e01-jan-2011$fGBP10.50$g0$hA$5Uk
=ACF  \\$aBritish Library not licensed to copy$c0$e07-sep-2011$hC$iTX$5Uk
=ACF  \\$aBritish Library not licensed to copy$c0$e01-apr-2013$hC$iCFP Excluded$5Uk
=ACF  \\$aBritish Library not licensed to copy$c0$e01-jul-2013$hC$iCFP Excluded$5Uk
=ACF  \\$aBritish Library not licensed to copy$c0$e01-oct-2013$hC$iCFP Excluded$5Uk
=ACF  \\$aBritish Library not licensed to copy$c0$e01-jan-2014$hC$iCFP Excluded$5Uk
=CAT  \\$aCONV$b00$c20040425$lBLL90$h0711
=CAT  \\$aBATCH$b00$c20100401$lBLL01$h1519
=CAT  \\$aBATCH-UPD$b00$c20101124$lBLL01$h1853
=CAT  \\$aBATCH-UPD$b00$c20101125$lBLL01$h1115
=CAT  \\$aIPL-CLA$c20101231$lBLL01$h1353
=CAT  \\$aBATCH-UPD$b00$c20110907$lBLL01$h1814
=CAT  \\$aIPL-CLA$c20110908$lBLL01$h1729
=CAT  \\$aBATCH-CLA$b00$c20121105$lBLL01$h1739
=CAT  \\$a8874$b40$c20121211$lBLL01$h1054
=CAT  \\$aBATCH-CLA$b00$c20130228$lBLL01$h1711
=CAT  \\$aIPL-CLA$c20130331$lBLL01$h1049
=CAT  \\$a540_fix$c20130403$lBLL01$h2010
=CAT  \\$aBATCH-CLA$b00$c20130531$lBLL01$h1648
=CAT  \\$aIPL-CLA$c20130701$lBLL01$h0026
=CAT  \\$aBATCH-CLA$b00$c20130830$lBLL01$h1625
=CAT  \\$aIPL-CLA$c20130930$lBLL01$h1732
=CAT  \\$aBATCH-CLA$b00$c20131129$lBLL01$h1652
=CAT  \\$aIPL-CLA$c20131231$lBLL01$h2132
=CAT  \\$aBATCH-CLA$b00$c20140228$lBLL01$h1613
=CAT  \\$aIPL-CLA$c20140331$lBLL01$h1622
=CAT  \\$aBATCH-CLA$b00$c20140530$lBLL01$h1708
=CAT  \\$aIPL-CLA$c20140630$lBLL01$h1710
=CAT  \\$aWR16_021$c20160609$lBLL01$h1956
=CAT  \\$aBATCH-016$c20160905$lBLL01$h1705
=CAT  \\$a10806$b40$c20230125$lBLL01$h1054
=CAT  \\$a10806$b40$c20230125$lBLL01$h1120
=CFI  0\$aBritish Library not licensed to copy$c0$e01-jul-2014$hC$iCFP Excluded$5Uk
=CFI  2\$aBritish Library not licensed to copy$c0$e01-apr-2014$hC$iCFP Excluded$5Uk
=FIN  \\$aY
=FMT  \\$a  SE
=LAS  \\$a10806$b40$c20230125$lBLL01$h1120
=LEO  \\$aMP10.0000557147
=LEO  \\$aMP1.0003024035
=SID  \\$aZ39$bOCLC
=SRC  \\$aDSS01$bbibmp10.200404.2.aa
=SRC  \\$aBLS01$bbibmp1.200404.2.ad
=TCO  \\$aTRS$bCCC$c008

