=LDR  04384cas a2201057 a 4500
=001  010549971
=003  Uk
=005  20221231195345.0
=007  ta
=008  801117c19779999enkfr\p\\\\\\\0\\\a0eng\\
=015  \\$aGB8038609$2bnb
=019  c\$a2303121
=019  1\$ab8038609
=019  y\$aB8038609
=019  9\$ab8038609
=022  \\$a1740-1410
=040  \\$aUk$cUk$dUk
=043  \\$ae-ukebe
=082  04$a942.294$218
=130  0\$aJournal (Twyford and Ruscombe Local History Society)
=222  \0$aJournal$b(Twyford & Ruscombe Local History Society. 1999)
=245  10$aJournal /$cTwyford & Ruscombe Local History Society.
=246  1\$iTitle of short duration:$aJournal of the local history of the Charlton Hundred$fwinter 1998
=246  1\$iTitle summer 2000:$aJournal of the Twyford and Ruscombe Local History Society
=260  \\$aRuscombe :$b[Twyford & Ruscombe Local History Society],$c1977-
=300  \\$av. :$bill., ports. ;$c21 cm.
=310  \\$aSemiannual
=336  \\$atext$2rdacontent
=337  \\$aunmediated$2rdamedia
=338  \\$avolume$2rdacarrier
=362  0\$aNo. 1 (summer 1977)-
=500  \\$aSummer 1999 issue not published.
=540  \\$aCurrent Copyright Fee: GBP25.00$c0$5Uk
=651  \0$aTwyford (Berkshire, England)$xHistory$vPeriodicals.
=651  \0$aTwyford (Berkshire, England)$xSocial life and customs$vPeriodicals.
=651  \0$aRuscombe (Wokingham, England)$xHistory$vPeriodicals.
=651  \0$aRuscombe (Wokingham, England)$xSocial life and customs$vPeriodicals.
=710  2\$aTwyford and Ruscombe Local History Society.
=787  0\$t2fords@Rus.com newsletter$x1470-8094
=852  41$aBritish Library$bHMNTS$jP.801/3206$3No. 3 (spring 1978)-
=945  \\$aJournal- Twyford and Ruscombe Local History Society.
=963  \\$a1977- *A=1$bN$cL479.C.150
=979  \\$aBritish Library$bDSC$j4910.528300N
=985  \\$aCorrected by MS generated file for WR# 12.018
=985  \\$aISSN UK Centre note: ISSN records have been separated from this bib record, October 24 2013.
=ACF  \\$aPrevious copyright fee: GBP10.50$c0$e01-jan-2011$fGBP10.50$g0$hA$5Uk
=ACF  \\$aPrevious copyright fee: GBP12.00$c0$e01-jan-2012$fGBP12.00$g0$hA$5Uk
=ACF  \\$aPrevious Copyright Fee: GBP12.30$c0$e01-jan-2014$fGBP12.30$g0$hA$5Uk
=ACF  \\$aPrevious Copyright Fee: GBP15.00$c0$e01-jan-2017$fGBP15.00$g0$hA$5Uk
=ACF  \\$aPrevious Copyright Fee: GBP17.50$c0$e01-jan-2018$fGBP17.50$g0$hA$5Uk
=ACF  \\$aPrevious Copyright Fee: GBP20.00$c0$e01-jan-2020$fGBP20.00$g0$hA$5Uk
=CAT  \\$a8964$b40$c20070420$lBLL01$h1337
=CAT  \\$aWR09-126
=CAT  \\$aBATCH-UPD$b40$c20090904$lBLL01$h1720
=CAT  \\$aBATCH$b00$c20091210$lBLL01$h0222
=CAT  \\$a8874$b40$c20110210$lBLL01$h1335
=CAT  \\$a6537$b40$c20130730$lBLL01$h1213
=CAT  \\$a8874$b40$c20130903$lBLL01$h1437
=CAT  \\$a8874$b40$c20130905$lBLL01$h1341
=CAT  \\$a8874$b40$c20130905$lBLL01$h1348
=CAT  \\$a11313$b40$c20131023$lBLL01$h1147
=CAT  \\$a11313$b40$c20131024$lBLL01$h1119
=CAT  \\$a11313$b40$c20131024$lBLL01$h1336
=CAT  \\$aBATCH-CLA$c20131219$lBLL01$h1822
=CAT  \\$aIPL-CLA$c20131231$lBLL01$h2139
=CAT  \\$aWR14_140$c20140905$lBLL01$h1744
=CAT  \\$aBATCH-CLA$b00$c20161222$lBLL01$h1737
=CAT  \\$aIPL-CLA$c20161230$lBLL01$h1951
=CAT  \\$aBATCH-CLA$b00$c20171222$lBLL01$h2042
=CAT  \\$aIPL-CLA$c20171231$lBLL01$h1522
=CAT  \\$aBATCH-CLA$b00$c20191219$lBLL01$h1703
=CAT  \\$aIPL-CLA$c20191231$lBLL01$h1834
=CAT  \\$aR2001-1524$c20200127$lBLL01$h1946
=CAT  \\$aBATCH-CLA$b00$c20201204$lBLL01$h1501
=CAT  \\$aIPL-CLA$c20201231$lBLL01$h2045
=CAT  \\$aBATCH-CLA$b00$c20221221$lBLL01$h1807
=CAT  \\$aIPL-CLA$c20221231$lBLL01$h1953
=CFI  0\$aCurrent Copyright Fee: GBP25.00$c0$e01-jan-2023$fGBP25.00$g0$hA$5Uk
=CFI  2\$aPrevious Copyright Fee: GBP22.50$c0$e01-jan-2021$fGBP22.50$g0$hA$5Uk
=FIN  \\$aY
=FMT  \\$a  SE
=LAS  \\$aIPL-CLA$b00$c20221231$lBLL01$h1953
=LEO  \\$aMP5.0000510920
=LEO  \\$aMP10.0000318256
=LEO  \\$aMP13.0000258242
=LEO  \\$aMP22.0000007932
=SRC  \\$aDSS01$bbibmp10.200404.2.aa
=SRC  \\$aISN01$bbibmp22.200404.2.aa
=SRC  \\$aBNB03$bbibmp5.200404.2.aa
=SRC  \\$aHSS01$bbibmp13.200404.2.aa
=TCO  \\$aCLA$bCLA$c008

