=LDR  04017cas a2201021 a 4500
=001  010551109
=003  Uk
=005  20221231195349.0
=007  ta
=008  810224d19771980enkuu\p\\\\\\\0\\\a0eng\\
=015  \\$aGB8104700$2bnb
=019  y\$aB8104700
=019  9\$ab8104700
=019  1\$ab8104700
=019  c\$a2237260
=022  0\$a0260-275X
=039  0\$a1624
=040  \\$aUk$cUk$dUk
=050  00$aML410.S95
=082  04$a780.924$219
=130  0\$aNewsletter (Sir Arthur Sullivan Society)
=245  10$aNewsletter /$cSir Arthur Sullivan Society.
=260  \\$aHull :$bSir Arthur Sullivan Society,$c1977-1980.
=300  \\$a8 v. ;$c21 cm.
=310  \\$aIrregular
=336  \\$atext$2rdacontent
=337  \\$aunmediated$2rdamedia
=338  \\$avolume$2rdacarrier
=362  0\$aNo. 1 (Mar. 1977) - no. 8 (June 1980).
=500  \\$aDescription based on: no. 7 (Jan. 1980).
=540  \\$aCurrent Copyright Fee: GBP25.00$c0$5Uk
=595  \\$aCONTD AS 8286.145N.
=600  10$aSullivan, Arthur,$d1842-1900$vPeriodicals.
=650  \0$aOperetta$zEngland$vPeriodicals.
=710  2\$aSir Arthur Sullivan Society.
=785  00$tMagazine (Sir Arthur Sullivan Society)$x0261-6610
=852  41$aBritish Library$bHMNTS$jP.433/137$3No.1 (Mar. 1977)-
=945  \\$aNEWSLETTER- SIR ARTHUR SULLIVAN SOCIETY
=963  \\$aNO. 7, 1980- 8, 1980 *A=1$bN$cL409.C.642
=979  \\$aBritish Library$bDSC$j6108.331500N
=985  \\$aDO NOT MERGE WITH ISSNUK RECORD.
=ACF  \\$aPrevious copyright fee: GBP5.00$c0$e01-jul-2002$fGBP5.00$g0$hC$5Uk
=ACF  \\$aCurrent copyright fee: GBP4.40$c0$e01-jul-1998$fGBP4.40$g0$hA$5Uk
=ACF  \\$aCurrent copyright fee: GBP4.20$c0$e01-apr-1997$fGBP4.20$g0$hA$5Uk
=ACF  \\$aPrevious copyright fee: GBP10.50$c0$e01-jan-2011$fGBP10.50$g0$hA$5Uk
=ACF  \\$aPrevious copyright fee: GBP12.00$c0$e01-jan-2012$fGBP12.00$g0$hA$5Uk
=ACF  \\$aPrevious Copyright Fee: GBP12.30$c0$e01-jan-2014$fGBP12.30$g0$hA$5Uk
=ACF  \\$aPrevious Copyright Fee: GBP15.00$c0$e01-jan-2017$fGBP15.00$g0$hA$5Uk
=ACF  \\$aPrevious Copyright Fee: GBP17.50$c0$e01-jan-2018$fGBP17.50$g0$hA$5Uk
=ACF  \\$aPrevious Copyright Fee: GBP20.00$c0$e01-jan-2020$fGBP20.00$g0$hA$5Uk
=CAT  \\$aCONV$b00$c20040425$lBLL90$h0724
=CAT  \\$aCONV$b00$c20040502$lBLL01$h1404
=CAT  \\$a8874$b40$c20090608$lBLL01$h1249
=CAT  \\$aBATCH$b00$c20091210$lBLL01$h0222
=CAT  \\$aBATCH-UPD$b00$c20100208$lBLL01$h2051
=CAT  \\$aBATCH-UPD$b00$c20101201$lBLL01$h1234
=CAT  \\$aIPL-CLA$c20101231$lBLL01$h1357
=CAT  \\$aWR11_203$c20111204$lBLL01$h1418
=CAT  \\$aIPL-CLA$c20111230$lBLL01$h1857
=CAT  \\$aBATCH-CLA$b00$c20121107$lBLL01$h1918
=CAT  \\$aWR13.005$c20130323$lBLL01$h1209
=CAT  \\$aBATCH-CLA$c20131219$lBLL01$h1822
=CAT  \\$aIPL-CLA$c20131231$lBLL01$h2139
=CAT  \\$aWR14_140$c20140905$lBLL01$h1744
=CAT  \\$aBATCH-CLA$b00$c20161222$lBLL01$h1737
=CAT  \\$aIPL-CLA$c20161230$lBLL01$h1951
=CAT  \\$aBATCH-CLA$b00$c20171222$lBLL01$h2042
=CAT  \\$aIPL-CLA$c20171231$lBLL01$h1522
=CAT  \\$aBATCH-CLA$b00$c20191219$lBLL01$h1703
=CAT  \\$aIPL-CLA$c20191231$lBLL01$h1834
=CAT  \\$aR2001-1524$c20200127$lBLL01$h1946
=CAT  \\$a8323$b40$c20200203$lBLL01$h1619
=CAT  \\$aBATCH-CLA$b00$c20201204$lBLL01$h1501
=CAT  \\$aIPL-CLA$c20201231$lBLL01$h2046
=CAT  \\$aBATCH-CLA$b00$c20221221$lBLL01$h1807
=CAT  \\$aIPL-CLA$c20221231$lBLL01$h1953
=CFI  0\$aCurrent Copyright Fee: GBP25.00$c0$e01-jan-2023$fGBP25.00$g0$hA$5Uk
=CFI  2\$aPrevious Copyright Fee: GBP22.50$c0$e01-jan-2021$fGBP22.50$g0$hA$5Uk
=FIN  \\$aY
=FMT  \\$a  SE
=LAS  \\$aIPL-CLA$b00$c20221231$lBLL01$h1953
=LEO  \\$aMP5.0000512785
=LEO  \\$aMP13.0000259450
=LEO  \\$aMP10.0000404002
=SRC  \\$aDSS01$bbibmp10.200404.2.aa
=SRC  \\$aBNB03$bbibmp5.200404.2.aa
=SRC  \\$aHSS01$bbibmp13.200404.2.aa
=TCO  \\$aCLA$bCLA$c008

