=LDR  05003cai a2201177 a 4500
=001  010553112
=003  Uk
=005  20230210005430.0
=007  td
=008  810711c19809999enktr\l\\f\\\\0\\\a2eng\\
=015  \\$aGB8124122$2bnb
=019  y\$aB8124122
=019  9\$ab8124122
=019  c\$a2215100
=019  1\$ab8124122
=022  0\$a0261-3689
=039  0\$a1646
=040  \\$aUk$cUk$dUk
=042  \\$aukblsr
=043  \\$ae-uke--
=050  00$aKD4753.99
=082  04$a342.420902632$222
=210  0\$aEncycl. local gov. law
=222  \0$aEncyclopedia of local government law
=245  00$aEncyclopedia of local government law.
=260  \\$aLondon :$bSweet & Maxwell,$c1980-
=300  \\$av. (loose-leaf) ;$c25 cm.
=310  \\$aThree issues yearly
=321  \\$aIrregular
=336  \\$atext$2rdacontent
=337  \\$aunmediated$2rdamedia
=338  \\$avolume$2rdacarrier
=490  1\$aThe Local government library
=500  \\$aDescription based on: Work updated to: Release 82 (June 2011).
=540  \\$aCurrent Copyright Fee: GBP25.00$c0$5Uk
=650  \0$aLocal government$xLaw and legislation$zEngland$vHandbooks, manuals, etc.
=653  \\$aEngland$aLocal government$aLaw$aSerials
=762  0\$tLocal government library
=830  \0$aLocal government library.
=852  41$aBritish Library$bDSC$cV$j3738.593500$31991- 1992 *A=?
=852  41$aBritish Library$bHMNTS$jX.0200/1120$3Vol.1-
=945  \\$aENCYCLOPEDIA OF LOCAL GOVERNMENT LAW.
=959  \\$fHeld but not currently received
=985  \\$aDo NOT MERGE with ISSN record on #015861747. Record converted to Integrating resource record, sight of update 82 (June 2011) only, CS 3/8/11
=A02  \\$a2215100
=ACF  \\$aPrevious Copyright Fee: GBP12.00$c0$e01-apr-2012$fGBP12.00$g0$hC$5Uk
=ACF  \\$aPrevious Copyright Fee: GBP12.00$c0$e01-jan-2012$fGBP12.00$g0$hC$5Uk
=ACF  \\$aPrevious Copyright Fee: GBP10.50$c0$e01-oct-2011$fGBP10.50$g0$hC$5Uk
=ACF  \\$aPrevious Copyright Fee: GBP10.50$c0$e01-jul-2011$fGBP10.50$g0$hC$5Uk
=ACF  \\$aPrevious Copyright Fee: GBP10.50$c0$e01-jan-2011$fGBP10.50$g0$hC$5Uk
=ACF  \\$aPrevious Copyright Fee: GBP9.00$c0$e01-jul-2010$fGBP9.00$g0$hC$5Uk
=ACF  \\$aPrevious Copyright Fee: GBP9.00$c0$e01-Jan-2010$fGBP9.00$g0$hC$5Uk
=ACF  \\$aPrevious Copyright Fee: GBP6.00$c0$e01-jan-2008$fGBP6.00$g0$hC$5Uk
=ACF  \\$aPrevious copyright fee: GBP5.00$c0$e01-jul-2002$fGBP5.00$g0$hC$5Uk
=ACF  \\$aCurrent copyright fee: GBP4.40$c0$e01-jul-1998$fGBP4.40$g0$hA$5Uk
=ACF  \\$aCurrent copyright fee: GBP4.20$c0$e01-apr-1997$fGBP4.20$g0$hA$5Uk
=ACF  \\$aPrevious Copyright Fee: GBP12.00$c0$e01-jul-2012$fGBP12.00$g0$hC$5Uk
=ACF  \\$aPrevious Copyright Fee: GBP12.00$c0$e01-oct-2012$fGBP12.00$g0$hC$5Uk
=ACF  \\$aPrevious Copyright Fee: GBP12.30$c0$e01-apr-2015$fGBP12.30$g0$hC$5Uk
=ACF  \\$aPrevious Copyright Fee: GBP15.00$c0$e01-jan-2017$fGBP15.00$g0$hC$5Uk
=ACF  \\$aPrevious Copyright Fee: GBP17.50$c0$e01-jan-2018$fGBP17.50$g0$hC$5Uk
=ACF  \\$aPrevious Copyright Fee: GBP20.00$c0$e01-jan-2020$fGBP20.00$g0$hC$5Uk
=ACF  \\$aPrevious Copyright Fee: GBP22.50$c0$e01-jan-2021$fGBP22.50$g0$hC$5Uk
=CAT  \\$aWR09-126
=CAT  \\$aBATCH-CLA$b00$c20111130$lBLL01$h1219
=CAT  \\$aIPL-CLA$c20111230$lBLL01$h1857
=CAT  \\$aBATCH-CLA$b00$c20120229$lBLL01$h1633
=CAT  \\$aIPL-CLA$c20120330$lBLL01$h1416
=CAT  \\$aBATCH-CLA$b00$c20120531$lBLL01$h1724
=CAT  \\$aIPL-CLA$c20120629$lBLL01$h1014
=CAT  \\$aBATCH-CLA$b00$c20120831$lBLL01$h1548
=CAT  \\$aIPL-CLA$c20120930$lBLL01$h2045
=CAT  \\$aBATCH-CLA$b00$c20121107$lBLL01$h1918
=CAT  \\$aWR13.005$c20130323$lBLL01$h1210
=CAT  \\$aWR14_140$c20140905$lBLL01$h1744
=CAT  \\$aBATCH-CLA$b00$c20150227$lBLL01$h1631
=CAT  \\$aIPL-CLA$c20150331$lBLL01$h1627
=CAT  \\$aBATCH-CLA$b00$c20161130$lBLL01$h1647
=CAT  \\$aIPL-CLA$c20161230$lBLL01$h1951
=CAT  \\$aBATCH-CLA$b00$c20171130$lBLL01$h1713
=CAT  \\$aIPL-CLA$c20171231$lBLL01$h1522
=CAT  \\$aBATCH-CLA$b00$c20191129$lBLL01$h1629
=CAT  \\$aIPL-CLA$c20191231$lBLL01$h1834
=CAT  \\$aBATCH-CLA$b00$c20201126$lBLL01$h1419
=CAT  \\$aIPL-CLA$c20201231$lBLL01$h2046
=CAT  \\$aBATCH-CLA$b00$c20221130$lBLL01$h1455
=CAT  \\$aIPL-CLA$c20221231$lBLL01$h1953
=CAT  \\$aBATCH-CLA$b00$c20230209$lBLL01$h1542
=CAT  \\$aIPL-CLA$c20230210$lBLL01$h0054
=CFI  0\$aCurrent Copyright Fee: GBP25.00$c0$e09-feb-2023$fGBP25.00$g0$hC$5Uk
=CFI  2\$aBritish Library not licensed to copy$c0$e01-jan-2023$hC$iCFP Excluded$5Uk
=FIN  \\$aY
=FMT  \\$a  SE
=LAS  \\$aIPL-CLA$b00$c20230210$lBLL01$h0054
=LEO  \\$aMP5.0000515961
=LEO  \\$aMP10.0000208335
=LEO  \\$aMP13.0000261502
=SRC  \\$aBNB03$bbibmp5.200404.2.aa
=SRC  \\$aDSS01$bbibmp10.200404.2.aa
=SRC  \\$aHSS01$bbibmp13.200404.2.aa
=TCO  \\$aCLA$bCLA$c008

