=LDR  04555 as a2200829 a 4500
=001  010650423
=003  Uk
=005  20110725072313.0
=007  ta
=008  840626d19762008ie\ar\p\\\\\\\0\\\a0eng\\
=019  1\$ar6863492
=022  0\$a1016-5614
=040  \\$aUk$cUk$dUk
=042  \\$aukblsr
=082  04$a331.256094$222
=110  2\$aEuropean Foundation for the Improvement of Living and Working Conditions.
=210  0\$aRep. act. Eur. Found. Improv. Liv. Work. Cond.
=222  \0$aReport on the activities of the European Foundation for the Improvement of Living and Working Conditions
=245  10$aAnnual report /$cEuropean Foundation for the Improvement of Living and Working Conditions.
=246  14$aAnnual report - European Foundation for the Improvement of Living and Working Conditions
=260  \\$aDublin :$bFoundation for the Improvement of Living and Working Conditions,$c-2008.
=300  \\$av. ;$c30 cm.
=336  \\$atext$2rdacontent
=337  \\$aunmediated$2rdamedia
=338  \\$avolume$2rdacarrier
=362  0\$a-2008.
=540  \\$aCurrent copyright fee: zero$c0$5Uk
=595  \\$aSee 1700.542500, 7276.978000, 7353.255000 for foreign language editions.
=610  20$aEuropean Foundation for the Improvement of Living and Working Conditions$vPeriodicals.
=653  \\$aEuropean Community countries$aSocial conditions$aResearch organisations$aEuropean Foundation for the Improvement of Living and Working Conditions$aSerials
=690  7\$aManagement and Business Studies$2blcoll
=767  0\$tRapport annuel de la Fondation européenne pour l'amélioration des conditions de vie et de travail$x1016-5649
=767  0\$tVerslag over de Werkzaamheden van de Europese Stichting tot Verbetering van de Levens- en Arbeidsomstandigheden$x1016-5703
=767  0\$tJahresbericht ... - Europäische Stiftung zur Verbesserung der Lebens- und Arbeitsbedingungen$x1016-5665
=767  0\$tRelazione annuale anno ... - Fondazione europea per il miglioramento delle condizioni di vita e di lavoro$x1016-5681
=767  0\$tTätigkeitsbericht der Europäischen Stiftung zur Verbesserung der Lebens- und Arbeitsbedingungen$x1016-5657
=767  0\$tÅrsberetning - Det Europæiske Institut til forbedring af Leve- og Arbejdsvilkårene$x1016-569X
=767  0\$tEtēsia ekthēse - Eurōpaïko idruma gia tēn beltiōsē sunthēkōn diabiōseōs kai ergasias$x1018-4600
=767  0\$tVerksamhetsberättelse - Europeiska Fonden för förbättring av levnads- och arbetsvillkor$x1682-0436
=767  0\$tVuosikertomus - Euroopan elin- ja työolojen kehittämissäätiö$x1682-0444
=767  0\$tRelatório anual - Fundação europeia para a melhoria das condicõ̧es de vida e de trabalho$x1682-0452
=767  0\$tInforme anual - Fundación europea para la mejora de las condiciones de vida y de trabajo$x1682-0460
=785  00$aEuropean Foundation for the Improvement of Living and Working Conditions.$tYearbook
=852  41$aBritish Library$bHMNTS$jEU 331.256094$32004-2008
=852  41$aBritish Library$bHMNTS$jP.803/1190$31982, 1984-1998
=852  41$aBritish Library$bDSC$j1245.455000$31983-2001; 2004, 2006-2007
=945  \\$aAnnual report- European Foundation for the Improvement of Living and Working Conditions
=959  \\$fHeld but not currently received
=985  \\$aMay be split after 2008 to Yearbook + Annual activity report, both using ISSN 1016-5614. Unclear. CS 29/9/10
=ACF  \\$aCurrent copyright fee: GBP2.30$c0$e01-apr-1997$fGBP2.30$g0$hC$5Uk
=CAT  \\$aCONV$b00$c20040425$lBLL90$h0753
=CAT  \\$aCONV$b00$c20040502$lBLL01$h1406
=CAT  \\$a8483$b40$c20070510$lBLL01$h1406
=CAT  \\$a8483$b40$c20070510$lBLL01$h1412
=CAT  \\$a8456$b40$c20070703$lBLL01$h1109
=CAT  \\$a8180$b40$c20070913$lBLL01$h1107
=CAT  \\$aBATCH$b00$c20090619$lBLL01$h1828
=CAT  \\$aBATCH$b00$c20091210$lBLL01$h0224
=CAT  \\$a8124$b40$c20100929$lBLL01$h0938
=CAT  \\$a12500$b40$c20101008$lBLL01$h1412
=CAT  \\$a8874$b40$c20110725$lBLL01$h0723
=CAT  \\$aBATCH-CLA$b00$c20121107$lBLL01$h1917
=CFI  0\$aCurrent copyright fee: zero$c0$e15-jan-1999$fGBP0.00$g0$hZ$5Uk
=CFI  2\$aCurrent copyright fee: GBP2.50$c0$e01-jul-1998$fGBP2.50$g0$hC$5Uk
=FIN  \\$aY
=FMT  \\$a  SE
=LAS  \\$aBATCH-CLA$b00$c20121107$lBLL01$h1917
=LEO  \\$aMP10.0000058522
=LEO  \\$aMP13.0001195033
=SRC  \\$aDSS01$bbibmp10.200404.2.aa
=SRC  \\$aHSS01$bbibmp13.200404.2.ab
=TCO  \\$aIRL$bICLA$c008

