=LDR  07115cas a22013697a 4500
=001  010652653
=003  Uk
=005  20230210005437.0
=007  ta
=008  880223c19199999enkdx\p\\\\\\o0\\\a0eng\\
=019  1\$ar6866454
=019  c\$a2224618
=022  0\$y0309-8826
=040  \\$aUk$cUk$dUk
=043  \\$ae-uk---
=082  04$a328.41/01$218
=110  1\$aGreat Britain.$bParliament.$bHouse of Commons.
=245  10$aParliamentary debates :$bofficial report.$p[Daily parts] /$cHouse of Commons.
=260  \\$aLondon :$bH.M.S.O.,$c1919-
=300  \\$eIndexes.
=336  \\$atext$2rdacontent
=337  \\$aunmediated$2rdamedia
=338  \\$avolume$2rdacarrier
=362  0\$aVol.118, no.96 (10 July 1919)-
=540  \\$aCurrent Copyright Fee: GBP25.00$c0$5Uk
=580  \\$aPreviously issued with House of Lords debates.
=595  \\$aSEE OFFICIAL PUBLICATIONS SEE ALSO 6406.84675 FOR OTHER H&SS HOLDINGS.
=610  10$aGreat Britain.$bParliament.$bHouse of Commons.
=653  \\$aGreat Britain$aParliament$aHouse of Commons$aProceedings$aSerials
=787  0\$aGreat Britain. Parliament. House of Commons.$tParliamentary debates, Hansard. House of Commons official report$gPrint version, 1942- :$x0309-8826
=787  0\$aGreat Britain. Parliament. House of Commons.$tParliamentary debates (Hansard). House of Commons official report$gOnline version, 1942- :$x2398-0419
=852  41$aBritish Library$bHMNTS$jCSC.758/9
=852  41$aBritish Library$bHMNTS$jBS.91/1
=852  41$aBritish Library$bHMNTS$jB.S.Ref.13$3Vol. 417, no. 29 (28 Jan. 2004)-v. 609, no. 158 (12 May 2016)***Title now taken as electronic copy
=852  41$aBritish Library$bDSC$j6406.846740
=886  2\$2blmarc$a959
=945  \\$aPARLIAMENTARY DEBATES- HOUSE OF COMMONS -DAILY EDITION-.
=957  \\$ac
=963  \\$a1812- 1829 *A=1; 1892- *A=1$bY$cOP.2.07
=985  \\$a2 missed C/Ts, so when transferred to "e" online didn't mirror print; too many issues to move, so 2 7XX seemed path of least resistance; checked with Matthew; ISSN record 010190385 left as is.
=ACF  \\$aPrevious Copyright Fee: GBP12.00$c0$e01-apr-2012$fGBP12.00$g0$hC$5Uk
=ACF  \\$aPrevious Copyright Fee: GBP12.00$c0$e01-jan-2012$fGBP12.00$g0$hC$5Uk
=ACF  \\$aPrevious Copyright Fee: GBP10.50$c0$e01-oct-2011$fGBP10.50$g0$hC$5Uk
=ACF  \\$aPrevious Copyright Fee: GBP10.50$c0$e01-jul-2011$fGBP10.50$g0$hC$5Uk
=ACF  \\$aPrevious Copyright Fee: GBP10.50$c0$e01-apr-2011$fGBP10.50$g0$hC$5Uk
=ACF  \\$aPrevious Copyright Fee: GBP10.50$c0$e01-jan-2011$fGBP10.50$g0$hC$5Uk
=ACF  \\$aPrevious Copyright Fee: GBP9.00$c0$e01-oct-2010$fGBP9.00$g0$hC$5Uk
=ACF  \\$aPrevious Copyright Fee: GBP9.00$c0$e01-jul-2010$fGBP9.00$g0$hC$5Uk
=ACF  \\$aPrevious Copyright Fee: GBP9.00$c0$e01-apr-2010$fGBP9.00$g0$hC$5Uk
=ACF  \\$aPrevious Copyright Fee: GBP9.00$c0$e01-Jan-2010$fGBP9.00$g0$hC$5Uk
=ACF  \\$aPrevious Copyright Fee: GBP6.00$c0$e01-oct-2009$fGBP6.00$g0$hC$5Uk
=ACF  \\$aPrevious Copyright Fee: GBP6.00$c0$e01-jul-2009$fGBP6.00$g0$hC$5Uk
=ACF  \\$aPrevious Copyright Fee: GBP6.00$c0$e01-apr-2009$fGBP6.00$g0$hC$5Uk
=ACF  \\$aPrevious Copyright Fee: GBP6.00$c0$e01-jan-2009$fGBP6.00$g0$hC$5Uk
=ACF  \\$aPrevious Copyright Fee: GBP6.00$c0$e01-oct-2008$fGBP6.00$g0$hC$5Uk
=ACF  \\$aPrevious Copyright Fee: GBP6.00$c0$e01-jul-2008$fGBP6.00$g0$hC$5Uk
=ACF  \\$aPrevious Copyright Fee: GBP6.00$c0$e01-apr-2008$fGBP6.00$g0$hC$5Uk
=ACF  \\$aPrevious Copyright Fee: GBP6.00$c0$e01-jan-2008$fGBP6.00$g0$hC$5Uk
=ACF  \\$aPrevious Copyright Fee: GBP5.00$c0$e01-oct-2007$fGBP5.00$g0$hC$5Uk
=ACF  \\$aPrevious Copyright Fee: GBP5.00$c0$e01-jul-2007$fGBP5.00$g0$hC$5Uk
=ACF  \\$aPrevious Copyright Fee: GBP5.00$c0$e01-apr-2007$fGBP5.00$g0$hC$5Uk
=ACF  \\$aPrevious Copyright Fee: GBP5.00$c0$e01-jan-2007$fGBP5.00$g0$hC$5Uk
=ACF  \\$aPrevious Copyright Fee: GBP5.00$c0$e01-oct-2006$fGBP5.00$g0$hC$5Uk
=ACF  \\$aPrevious Copyright Fee: GBP5.00$c0$e01-jul-2006$fGBP5.00$g0$hC$5Uk
=ACF  \\$aPrevious Copyright Fee: GBP5.00$c0$e01-apr-2006$fGBP5.00$g0$hC$5Uk
=ACF  \\$aPrevious Copyright Fee: GBP5.00$c0$e01-jan-2006$fGBP5.00$g0$hC$5Uk
=ACF  \\$aPrevious Copyright Fee: GBP5.00$c0$e01-oct-2005$fGBP5.00$g0$hC$5Uk
=ACF  \\$aPrevious Copyright Fee: GBP5.00$c0$e01-jul-2005$fGBP5.00$g0$hC$5Uk
=ACF  \\$aPrevious Copyright Fee: GBP5.00$c0$e01-apr-2005$fGBP5.00$g0$hC$5Uk
=ACF  \\$aPrevious Copyright Fee: GBP5.00$c0$e01-jan-2005$fGBP5.00$g0$hC$5Uk
=ACF  \\$aPrevious Copyright Fee: GBP5.00$c0$e01-oct-2004$fGBP5.00$g0$hC$5Uk
=ACF  \\$aPrevious Copyright Fee: GBP12.00$c0$e01-jul-2012$fGBP12.00$g0$hC$5Uk
=ACF  \\$aPrevious Copyright Fee: GBP12.00$c0$e01-oct-2012$fGBP12.00$g0$hC$5Uk
=ACF  \\$aPrevious Copyright Fee: GBP12.30$c0$e01-jan-2014$fGBP12.30$g0$hC$5Uk
=ACF  \\$aPrevious Copyright Fee: GBP15.00$c0$e01-jan-2017$fGBP15.00$g0$hC$5Uk
=ACF  \\$aPrevious Copyright Fee: GBP17.50$c0$e01-jan-2018$fGBP17.50$g0$hC$5Uk
=ACF  \\$aPrevious Copyright Fee: GBP20.00$c0$e01-jan-2020$fGBP20.00$g0$hC$5Uk
=ACF  \\$aPrevious Copyright Fee: GBP22.50$c0$e01-jan-2021$fGBP22.50$g0$hC$5Uk
=CAT  \\$aCONV$b00$c20040425$lBLL90$h0753
=CAT  \\$aIPL-CLA$c20111230$lBLL01$h1857
=CAT  \\$aBATCH-CLA$b00$c20120229$lBLL01$h1638
=CAT  \\$aIPL-CLA$c20120330$lBLL01$h1417
=CAT  \\$aBATCH-CLA$b00$c20120531$lBLL01$h1720
=CAT  \\$aIPL-CLA$c20120629$lBLL01$h1014
=CAT  \\$aBATCH-CLA$b00$c20120831$lBLL01$h1549
=CAT  \\$aIPL-CLA$c20120930$lBLL01$h2045
=CAT  \\$aBATCH-UPD$b00$c20121031$lBLL01$h0848
=CAT  \\$aBATCH-CLA$b00$c20121107$lBLL01$h1917
=CAT  \\$aWR13.005$c20130323$lBLL01$h1233
=CAT  \\$aBATCH-CLA$b00$c20131129$lBLL01$h1700
=CAT  \\$aIPL-CLA$c20131231$lBLL01$h2140
=CAT  \\$aBATCH-UPD$b00$c20150406$lBLL01$h0140
=CAT  \\$a3072$b40$c20160404$lBLL01$h1130
=CAT  \\$a3072$b40$c20160404$lBLL01$h1132
=CAT  \\$aBATCH-CLA$b00$c20161130$lBLL01$h1649
=CAT  \\$aIPL-CLA$c20161230$lBLL01$h1952
=CAT  \\$aBATCH-CLA$b00$c20171130$lBLL01$h1716
=CAT  \\$aIPL-CLA$c20171231$lBLL01$h1523
=CAT  \\$aBATCH-CLA$b00$c20191129$lBLL01$h1631
=CAT  \\$aIPL-CLA$c20191231$lBLL01$h1835
=CAT  \\$aBATCH-CLA$b00$c20201126$lBLL01$h1422
=CAT  \\$aIPL-CLA$c20201231$lBLL01$h2046
=CAT  \\$aBATCH-CLA$b00$c20221130$lBLL01$h1501
=CAT  \\$aIPL-CLA$c20221231$lBLL01$h1954
=CAT  \\$aBATCH-CLA$b00$c20230209$lBLL01$h1547
=CAT  \\$aIPL-CLA$c20230210$lBLL01$h0054
=CFI  0\$aCurrent Copyright Fee: GBP25.00$c0$e09-feb-2023$fGBP25.00$g0$hC$5Uk
=CFI  2\$aBritish Library not licensed to copy$c0$e01-jan-2023$hC$iCFP Excluded$5Uk
=FIN  \\$aY
=FMT  \\$a  SE
=LAS  \\$aIPL-CLA$b00$c20230210$lBLL01$h0054
=LEO  \\$aMP13.0001197349
=LEO  \\$aMP10.0000431900
=SRC  \\$aDSS04$bbibld.200404.2.aa
=SRC  \\$aDSS01$bbibmp10.200404.2.aa
=SRC  \\$aHSS01$bbibmp13.200404.2.ab
=TCO  \\$aCLA$bCLA$c008

