=LDR  04091cai a2200949 i 4500
=001  010817568
=003  Uk
=005  20221231195559.0
=007  td
=008  900424c19859999enkuu\l\\f\\\\0\\\a2eng\\
=019  c\$a2356699
=020  \\$a0860108597 (loose-leaf)
=022  0\$a0959-8960
=040  \\$aUk$beng$cUk$erda
=041  1\$aeng$hara
=042  \\$aukblsr
=082  04$a346.535307$223
=210  0\$aBus. laws Oman
=222  \0$aBusiness laws of Oman
=245  00$aBusiness laws of Oman.
=264  \1$aLondon :$bGraham & Trotman Limited
=264  31$aNew Malden, Surrey :$bLexgulf Publishers Ltd
=300  \\$avolumes (loose-leaf) ;$c25 cm.
=336  \\$atext$2rdacontent
=337  \\$aunmediated$2rdamedia
=338  \\$avolume$2rdacarrier
=490  0\$aMiddle East business law series,$x0141-6650
=530  \\$aAlso issued online.
=540  \\$aCurrent Copyright Fee: GBP25.00$c0$5Uk
=546  \\$aContains translations from Arabic into English of Omani business legislation, accompanied by commentaries in English.
=588  \\$aDescription based on: work updated to supplement 1 (2014).
=650  \0$aCommercial law$zOman$vHandbooks, manuals, etc.
=852  41$aBritish Library$bHMNTS$jZC.9.a.9299$3Main work v. 1 (1985)-main work v. 2 (1985); Release 1 (2014)-supplement 1 (2016)
=852  41$aBritish Library$bDSC$cV$j2934.155000$3VOL. 1, 1987- [1991] *A=1
=945  \\$aBUSINESS LAWS OF OMAN.
=959  \\$fHeld but not currently received
=985  \\$aCorrected by BSS-generated file
=985  \\$aRecord converted to Integrating Resource record, sight of original main work and supp.1 2014, CS. DO NOT MERGE WITH ISSN RECORD ON: 016911632
=A02  \\$a2356699
=ACF  \\$aPrevious copyright fee: GBP5.00$c0$e01-jul-2002$fGBP5.00$g0$hC$5Uk
=ACF  \\$aCurrent copyright fee: GBP4.40$c0$e01-jul-1998$fGBP4.40$g0$hA$5Uk
=ACF  \\$aCurrent copyright fee: GBP4.20$c0$e01-apr-1997$fGBP4.20$g0$hA$5Uk
=ACF  \\$aPrevious copyright fee: GBP10.50$c0$e01-jan-2011$fGBP10.50$g0$hA$5Uk
=ACF  \\$aPrevious copyright fee: GBP12.00$c0$e01-jan-2012$fGBP12.00$g0$hA$5Uk
=ACF  \\$aPrevious Copyright Fee: GBP12.30$c0$e01-jan-2014$fGBP12.30$g0$hA$5Uk
=ACF  \\$aPrevious Copyright Fee: GBP15.00$c0$e01-jan-2017$fGBP15.00$g0$hA$5Uk
=ACF  \\$aPrevious Copyright Fee: GBP17.50$c0$e01-jan-2018$fGBP17.50$g0$hA$5Uk
=ACF  \\$aPrevious Copyright Fee: GBP20.00$c0$e01-jan-2020$fGBP20.00$g0$hA$5Uk
=CAT  \\$aCONV$b00$c20040425$lBLL90$h0849
=CAT  \\$aBATCH$b00$c20091210$lBLL01$h0236
=CAT  \\$aBATCH$b00$c20091214$lBLL01$h0555
=CAT  \\$aBATCH$b00$c20091216$lBLL01$h0149
=CAT  \\$aBATCH-UPD$b00$c20101201$lBLL01$h1234
=CAT  \\$aIPL-CLA$c20101231$lBLL01$h1359
=CAT  \\$aWR11_203$c20111204$lBLL01$h1419
=CAT  \\$aIPL-CLA$c20111230$lBLL01$h1858
=CAT  \\$aBATCH-CLA$b00$c20121107$lBLL01$h1916
=CAT  \\$aWR13.005$c20130323$lBLL01$h1312
=CAT  \\$aBATCH-CLA$c20131219$lBLL01$h1824
=CAT  \\$aIPL-CLA$c20131231$lBLL01$h2141
=CAT  \\$a8124$b40$c20141028$lBLL01$h0807
=CAT  \\$a8124$b40$c20141028$lBLL01$h0813
=CAT  \\$a8124$b40$c20141028$lBLL01$h0844
=CAT  \\$aBATCH-CLA$b00$c20161222$lBLL01$h1737
=CAT  \\$aIPL-CLA$c20161230$lBLL01$h1953
=CAT  \\$aBATCH-CLA$b00$c20171222$lBLL01$h2043
=CAT  \\$aIPL-CLA$c20171231$lBLL01$h1524
=CAT  \\$aBATCH-CLA$b00$c20191219$lBLL01$h1703
=CAT  \\$aIPL-CLA$c20191231$lBLL01$h1835
=CAT  \\$aR2001-1524$c20200127$lBLL01$h1947
=CAT  \\$aBATCH-CLA$b00$c20201204$lBLL01$h1502
=CAT  \\$aIPL-CLA$c20201231$lBLL01$h2047
=CAT  \\$aBATCH-CLA$b00$c20221221$lBLL01$h1808
=CAT  \\$aIPL-CLA$c20221231$lBLL01$h1955
=CFI  0\$aCurrent Copyright Fee: GBP25.00$c0$e01-jan-2023$fGBP25.00$g0$hA$5Uk
=CFI  2\$aPrevious Copyright Fee: GBP22.50$c0$e01-jan-2021$fGBP22.50$g0$hA$5Uk
=FIN  \\$aY
=FMT  \\$a  SE
=LAS  \\$aIPL-CLA$b00$c20221231$lBLL01$h1955
=LEO  \\$aMP10.0000126110
=SRC  \\$aDSS01$bbibmp10.200404.2.aa
=TCO  \\$aCLA$bCLA$c008

