=LDR  04068cas a2201033ua 4500
=001  010817910
=003  Uk
=005  20221231195601.0
=007  ta
=008  990415c199u9999xxka|2\|||\\\||\\\a0eng\\
=015  \\$aGB9922089$2bnb
=019  c\$a2571703
=019  y\$ab9922089
=019  9\$ab9922089
=019  1\$ab9922089
=022  0\$a0960-8877$202
=040  \\$aUk$cUk
=082  04$a796.9305$221
=082  04$a796.9305
=210  0\$aTerrano II good ski guide A-Z
=222  \0$aTerrano II good ski guide A-Z
=245  04$aThe Terrano II good ski guide A-Z.
=260  \\$aEsher (3A High St., Esher, Surrey KT 10 9RP) :$b[Good Ski Guide],$c[199-?]-
=300  \\$av. :$bcol.ill. ;$c30cm.
=336  \\$atext$2rdacontent
=337  \\$aunmediated$2rdamedia
=338  \\$avolume$2rdacarrier
=362  0\$a[199-?]-
=500  \\$aDescription based on: 98 issue.
=540  \\$aCurrent Copyright Fee: GBP25.00$c0$5Uk
=650  \0$aSki resorts$vGuidebooks.
=650  \0$aSkis and skiing$xEquipment and supplies$vPeriodicals.
=650  \0$aSki resorts.
=787  0\$tGood ski guide$x0958-0689
=852  41$aBritish Library$bHMNTS$jZK.9.b.13202$3[199-?]-
=886  2\$2blmarc$a092$b00$a8794.805000n
=945  \\$aTERRANO II GOOD SKI GUIDE A-Z.
=979  \\$aBritish Library$bDSC$j8794.805000N
=985  \\$aRecord merged by Acquisitions
=985  \\$aISSN 0960-8877 applied for as "A-Z ski guide"in 1990, no copy received, ISSN was suppressed 1992. Resurrected when this title was catalogued, as was printing 0960-8877.
=A02  \\$a2571703
=ACF  \\$aPrevious copyright fee: GBP5.00$c0$e01-jul-2002$fGBP5.00$g0$hC$5Uk
=ACF  \\$aCurrent copyright fee: GBP4.40$c0$e14-sep-1998$fGBP4.40$g0$hA$5Uk
=ACF  \\$aPrevious copyright fee: GBP10.50$c0$e01-jan-2011$fGBP10.50$g0$hA$5Uk
=ACF  \\$aPrevious copyright fee: GBP12.00$c0$e01-jan-2012$fGBP12.00$g0$hA$5Uk
=ACF  \\$aPrevious Copyright Fee: GBP12.30$c0$e01-jan-2014$fGBP12.30$g0$hA$5Uk
=ACF  \\$aPrevious Copyright Fee: GBP15.00$c0$e01-jan-2017$fGBP15.00$g0$hA$5Uk
=ACF  \\$aPrevious Copyright Fee: GBP17.50$c0$e01-jan-2018$fGBP17.50$g0$hA$5Uk
=ACF  \\$aPrevious Copyright Fee: GBP20.00$c0$e01-jan-2020$fGBP20.00$g0$hA$5Uk
=CAT  \\$c20041010$lBLL01$h1905
=CAT  \\$a8181$b40$c20050219$lBLL01$h1007
=CAT  \\$a8870$b40$c20050223$lBLL01$h1205
=CAT  \\$aglobal_upd$b40$c20060417$lBLL01$h1755
=CAT  \\$aWR09-126
=CAT  \\$aBATCH-UPD$b40$c20090904$lBLL01$h1720
=CAT  \\$aBATCH$b00$c20091122$lBLL01$h1625
=CAT  \\$aBATCH-UPD$b00$c20101201$lBLL01$h1234
=CAT  \\$aIPL-CLA$c20101231$lBLL01$h1359
=CAT  \\$aWR11_203$c20111204$lBLL01$h1419
=CAT  \\$aIPL-CLA$c20111230$lBLL01$h1858
=CAT  \\$aBATCH-CLA$b00$c20121107$lBLL01$h1916
=CAT  \\$aWR13.005$c20130323$lBLL01$h1312
=CAT  \\$aBATCH-CLA$c20131219$lBLL01$h1824
=CAT  \\$aIPL-CLA$c20131231$lBLL01$h2141
=CAT  \\$aBATCH-CLA$b00$c20161222$lBLL01$h1737
=CAT  \\$aIPL-CLA$c20161230$lBLL01$h1953
=CAT  \\$aBATCH-CLA$b00$c20171222$lBLL01$h2043
=CAT  \\$aIPL-CLA$c20171231$lBLL01$h1524
=CAT  \\$aBATCH-CLA$b00$c20191219$lBLL01$h1703
=CAT  \\$aIPL-CLA$c20191231$lBLL01$h1835
=CAT  \\$aR2001-1524$c20200127$lBLL01$h1947
=CAT  \\$aBATCH-CLA$b00$c20201204$lBLL01$h1502
=CAT  \\$aIPL-CLA$c20201231$lBLL01$h2047
=CAT  \\$aBATCH-CLA$b00$c20221221$lBLL01$h1808
=CAT  \\$aIPL-CLA$c20221231$lBLL01$h1956
=CFI  0\$aCurrent Copyright Fee: GBP25.00$c0$e01-jan-2023$fGBP25.00$g0$hA$5Uk
=CFI  2\$aPrevious Copyright Fee: GBP22.50$c0$e01-jan-2021$fGBP22.50$g0$hA$5Uk
=FIN  \\$aY
=FMT  \\$a  SE
=LAS  \\$aIPL-CLA$b00$c20221231$lBLL01$h1956
=LEO  \\$aMP5.0001507464
=LEO  \\$aMP13.0000347497
=LEO  \\$aMP10.0000573852
=LEO  \\$aMP22.0000033583
=SRC  \\$aBNB03$bbibmp5.200404.2.ac
=SRC  \\$aHSS01$bbibmp13.200404.2.aa
=SRC  \\$aDSS01$bbibmp10.200404.2.aa
=SRC  \\$aISN01$bbibmp22.200404.2.aa
=TCO  \\$aCLA$bCLA$c008

