=LDR  04440aas a2200985 a 4500
=001  010818204
=003  Uk
=005  20120912144830.0
=007  ta
=008  901211d19uu2008enkwr\n\\\\\\\0\\\a0eng\\
=022  1\$a0961-4923$202
=040  \\$aUk$beng$cUk$dUk
=042  \\$aukblsr
=082  04$a072.265$222
=222  \0$aEast Grinstead courier
=245  00$aEast Grinstead courier.
=246  30$aCourier
=260  \\$aTunbridge Wells :$bCourier Publishing,$c-2008.
=260  3\$aEast Grinstead :$bCourier Media Group
=300  \\$av. :$bill. (some col.), col. ports. ;$c40 cm.
=310  \\$aWeekly
=336  \\$atext$2rdacontent
=337  \\$aunmediated$2rdamedia
=338  \\$avolume$2rdacarrier
=362  0\$a-Aug. 28, 2008.
=500  \\$aDescription based on final issue.
=540  \\$aBritish Library not licensed to copy$c0$5Uk
=580  \\$aMerged with: East Grinstead observer, to form: East Grinstead courier and observer
=651  \0$aEast Grinstead (England)$vNewspapers.
=651  \0$aWest Sussex (England)$vNewspapers.
=752  \\$aEngland$bWest Sussex$dEast Grinstead.$2blnpn
=780  17$tEast Grinstead observer$x1350-3480
=785  17$tEast Grinstead courier and observer$x2042-5422
=852  41$31953-1985$aBritish Library$bNPL$jNEWS158
=866  \\$aNewspapers :1953-Aug. 28, 2008 ; Print issues are not available for conservation reasons where an alternative format exists. See separate record for microfilm holdings
=985  \\$aUpgraded ISSN record.
=ACF  \\$aBritish Library not licensed to copy$c0$e01-apr-2012$hC$iCLA Excluded$5Uk
=ACF  \\$aBritish Library not licensed to copy$c0$e01-jan-2012$hC$iCLA Excluded$5Uk
=ACF  \\$aBritish Library not licensed to copy$c0$e01-oct-2011$hC$iCLA Excluded$5Uk
=ACF  \\$aBritish Library not licensed to copy$c0$e01-jul-2011$hC$iCLA Excluded$5Uk
=ACF  \\$aBritish Library not licensed to copy$c0$e01-apr-2011$hC$iCLA Excluded$5Uk
=ACF  \\$aBritish Library not licensed to copy$c0$e01-jan-2011$hC$iCLA Excluded$5Uk
=ACF  \\$aBritish Library not licensed to copy$c0$e01-oct-2010$hC$iCLA Excluded$5Uk
=ACF  \\$aBritish Library not licensed to copy$c0$e01-jul-2010$hC$iCLA Excluded$5Uk
=ACF  \\$aBritish Library not licensed to copy$c0$e01-apr-2010$hC$iCLA Excluded$5Uk
=ACF  \\$aBritish Library not licensed to copy$c0$e01-Jan-2010$hC$iCLA Excluded$5Uk
=ACF  \\$aBritish Library not licensed to copy$c0$e01-oct-2009$hC$iCLA Excluded$5Uk
=ACF  \\$aBritish Library not licensed to copy$c0$e01-oct-2004$hC$iCLA Excluded$5Uk
=ACF  \\$aBritish Library not licensed to copy$c0$e01-jul-2012$hC$iCLA Excluded$5Uk
=CAT  \\$aCONV$b00$c20040425$lBLL90$h0849
=CAT  \\$aBATCH-CLA$b00$c20101115$lBLL01$h1607
=CAT  \\$aIPL-CLA$c20101231$lBLL01$h1359
=CAT  \\$aBATCH-CLA$b00$c20110228$lBLL01$h1555
=CAT  \\$aIPL-CLA$c20110331$lBLL01$h1449
=CAT  \\$aNPL-008-N$c20110504$lBLL01$h2201
=CAT  \\$aBATCH-CLA$b00$c20110531$lBLL01$h1651
=CAT  \\$aIPL-CLA$c20110630$lBLL01$h1529
=CAT  \\$aADD-NID$b00$c20110805$lBLL01$h1425
=CAT  \\$aBATCH-CLA$b00$c20110831$lBLL01$h1816
=CAT  \\$aIPL-CLA$c20110930$lBLL01$h1531
=CAT  \\$aBATCH-CLA$b00$c20111130$lBLL01$h1214
=CAT  \\$aIPL-CLA$c20111230$lBLL01$h1858
=CAT  \\$aBATCH-CLA$b00$c20120229$lBLL01$h1628
=CAT  \\$aIPL-CLA$c20120330$lBLL01$h1417
=CAT  \\$aBATCH-CLA$b00$c20120531$lBLL01$h1725
=CAT  \\$aIPL-CLA$c20120629$lBLL01$h1015
=CAT  \\$aBATCH-CLA$b00$c20120831$lBLL01$h1553
=CAT  \\$a8201$b40$c20120912$lBLL01$h1448
=CAT  \\$aIPL-CLA$c20120930$lBLL01$h2047
=CAT  \\$aBATCH-CLA$b00$c20121107$lBLL01$h1916
=CAT  \\$aWR12_128$c20121113$lBLL01$h1832
=CAT  \\$aBATCH-CLA$b00$c20131129$lBLL01$h1657
=CAT  \\$aIPL-CLA$c20131231$lBLL01$h2142
=CAT  \\$aNPL-LOCK$b77$c20140207$lBLL01$h2150
=CAT  \\$c20140214$lBLL01$h1738
=CFI  0\$aBritish Library not licensed to copy$c0$e01-jan-2014$hC$iCFP Excluded$5Uk
=CFI  2\$aBritish Library not licensed to copy$c0$e01-oct-2012$hC$iCFP Excluded$5Uk
=FIN  \\$aY
=FMT  \\$a  SE
=LAS  \\$c20140214$lBLL01$h1738
=LEO  \\$aMP22.0000034093
=LKR  \\$aPAR$b013891931$lBLL01$nEast Grinstead courier (Microfilm)$mEast Grinstead courier (Print)$r776
=NID  \\$aNID0000254
=SRC  \\$aISN01$bbibmp22.200404.2.aa
=TCO  \\$aCLA$bCLA$c008

