=LDR  08685cai a2201681 a 4500
=001  010818451
=003  Uk
=005  20220930142518.0
=007  ta
=008  951011c19919999enkqr\p\\\\\\\0\\\a0eng\\
=019  c\$a2458278
=019  c\$a3012755
=020  \\$a0443045763 (loose-leaf)
=022  0\$a0962-144X
=040  \\$aUk$cUk$dUk
=042  \\$aukblsr
=082  04$a362.172068$221
=210  0\$aHandb. pract. manag.
=222  \0$aHandbook of practice management
=245  00$aHandbook of practice management /$cJohn Hasler ...[et al.].
=260  \\$aEdinburgh :$bChurchill Livingstone,$c1991-
=260  2\$31998-2012$aLondon :$bRoyal Society of Medicine Press.
=260  3\$32013-$a[London] :$bSAGE.
=300  \\$av. (loose-leaf) ;$c31 cm.
=310  \\$aQuarterly
=336  \\$atext$2rdacontent
=337  \\$aunmediated$2rdamedia
=338  \\$avolume$2rdacarrier
=500  \\$aIncludes index.
=530  \\$aAlso available in online format.
=540  \\$aCurrent copyright fee: GBP36.32$c19\0$5Uk
=588  \\$aDescription based on: work updated to Update 86 (November 2012).
=650  \0$aPhysicians (General practice)$zGreat Britain$vHandbooks, manuals, etc.
=650  \0$aMedical offices$zGreat Britain$xManagement$vHandbooks, manuals, etc.
=650  \0$aHealth services administration$zGreat Britain$vHandbooks, manuals, etc.
=690  7\$aSocial Welfare$2blcoll
=700  1\$aHasler, John.
=776  08$iAlso issued online as:$tHandbook of practice management$x2047-718X
=777  08$iUpdates accompanied by:$tHandbook of practice management newsletter
=852  41$aBritish Library$bDSC$cV$j4250.968500$31991-no. 78, (2010)
=852  41$aBritish Library$bHMNTS$jZK.9.d.1364$3Title now taken as electronic copy
=856  \\$31850-9999$uhttp://www.uk.sagepub.com/home.nav$xBLDSS
=945  \\$aHANDBOOK OF PRACTICE MANAGEMENT.
=959  \\$fHeld but not currently received
=985  \\$aRecord merged by DQ team
=985  \\$aMerged & converted to integrating record 29/1/14, CS. DO NOT Merge with ISSN record
=A02  \\$a2458278
=ACF  \\$aPrevious Copyright Fee: GBP6.00$c0$e01-apr-2012$fGBP6.00$g0$hC$5Uk
=ACF  \\$aPrevious Copyright Fee: GBP6.00$c0$e01-jan-2012$fGBP6.00$g0$hC$5Uk
=ACF  \\$aPrevious Copyright Fee: GBP6.00$c0$e01-oct-2011$fGBP6.00$g0$hC$5Uk
=ACF  \\$aPrevious Copyright Fee: GBP6.00$c0$e01-jul-2011$fGBP6.00$g0$hC$5Uk
=ACF  \\$aPrevious Copyright Fee: GBP6.00$c0$e01-apr-2011$fGBP6.00$g0$hC$5Uk
=ACF  \\$aPrevious Copyright Fee: GBP6.00$c0$e01-jan-2011$fGBP6.00$g0$hC$5Uk
=ACF  \\$aPrevious Copyright Fee: GBP6.00$c0$e01-oct-2010$fGBP6.00$g0$hC$5Uk
=ACF  \\$aPrevious Copyright Fee: GBP9.00$c0$e01-jul-2010$fGBP9.00$g0$hC$5Uk
=ACF  \\$aPrevious Copyright Fee: GBP9.00$c0$e01-apr-2010$fGBP9.00$g0$hC$5Uk
=ACF  \\$aPrevious Copyright Fee: GBP9.00$c0$e01-Jan-2010$fGBP9.00$g0$hC$5Uk
=ACF  \\$aPrevious Copyright Fee: GBP6.00$c0$e01-oct-2009$fGBP6.00$g0$hC$5Uk
=ACF  \\$aPrevious Copyright Fee: GBP6.00$c0$e01-jul-2009$fGBP6.00$g0$hC$5Uk
=ACF  \\$aPrevious Copyright Fee: GBP6.00$c0$e01-apr-2009$fGBP6.00$g0$hC$5Uk
=ACF  \\$aPrevious Copyright Fee: GBP6.00$c0$e01-jan-2009$fGBP6.00$g0$hC$5Uk
=ACF  \\$aPrevious Copyright Fee: GBP6.00$c0$e01-oct-2008$fGBP6.00$g0$hC$5Uk
=ACF  \\$aPrevious Copyright Fee: GBP6.00$c0$e01-jul-2008$fGBP6.00$g0$hC$5Uk
=ACF  \\$aPrevious Copyright Fee: GBP6.00$c0$e01-apr-2008$fGBP6.00$g0$hC$5Uk
=ACF  \\$aPrevious Copyright Fee: GBP6.00$c0$e01-jan-2008$fGBP6.00$g0$hC$5Uk
=ACF  \\$aPrevious Copyright Fee: GBP6.00$c0$e01-oct-2007$fGBP6.00$g0$hC$5Uk
=ACF  \\$aPrevious Copyright Fee: GBP6.00$c0$e01-jul-2007$fGBP6.00$g0$hC$5Uk
=ACF  \\$aPrevious Copyright Fee: GBP6.00$c0$e01-apr-2007$fGBP6.00$g0$hC$5Uk
=ACF  \\$aPrevious Copyright Fee: GBP6.00$c0$e01-jan-2007$fGBP6.00$g0$hC$5Uk
=ACF  \\$aPrevious Copyright Fee: GBP6.00$c0$e01-oct-2006$fGBP6.00$g0$hC$5Uk
=ACF  \\$aPrevious Copyright Fee: GBP6.00$c0$e01-jul-2006$fGBP6.00$g0$hC$5Uk
=ACF  \\$aPrevious Copyright Fee: GBP6.00$c0$e01-apr-2006$fGBP6.00$g0$hC$5Uk
=ACF  \\$aPrevious Copyright Fee: GBP6.00$c0$e01-jan-2006$fGBP6.00$g0$hC$5Uk
=ACF  \\$aPrevious Copyright Fee: GBP6.00$c0$e01-oct-2005$fGBP6.00$g0$hC$5Uk
=ACF  \\$aPrevious Copyright Fee: GBP6.00$c0$e01-jul-2005$fGBP6.00$g0$hC$5Uk
=ACF  \\$aPrevious Copyright Fee: GBP6.00$c0$e01-apr-2005$fGBP6.00$g0$hC$5Uk
=ACF  \\$aPrevious Copyright Fee: GBP6.00$c0$e01-jan-2005$fGBP6.00$g0$hC$5Uk
=ACF  \\$aPrevious Copyright Fee: GBP6.00$c0$e01-oct-2004$fGBP6.00$g0$hC$5Uk
=ACF  \\$aPrevious copyright fee: GBP6.00$c0$e01-jan-2003$fGBP6.00$g0$hC$5Uk
=ACF  \\$aCurrent copyright fee: GBP5.00$c0$e01-jul-2002$fGBP5.00$g0$hC$5Uk
=ACF  \\$aCurrent copyright fee: GBP4.40$c0$e01-jul-1998$fGBP4.40$g0$hA$5Uk
=ACF  \\$aPrevious Copyright Fee: GBP6.00$c0$e01-jul-2012$fGBP6.00$g0$hC$5Uk
=ACF  \\$aPrevious Copyright Fee: GBP23.00$c0$e01-apr-2013$fGBP23.00$g0$hC$5Uk
=ACF  \\$aPrevious Copyright Fee: GBP19.25$c0$e01-oct-2012$fGBP19.25$g0$hC$5Uk
=ACF  \\$aPrevious copyright fee: GBP20.00$c19\0$e11-jun-2013$fGBP20.00$g0$hP$5Uk
=ACF  \\$aPrevious copyright fee: GBP20.64$c19\0$e01-jul-2013$fGBP20.64$g0$hP$5Uk
=ACF  \\$aPrevious copyright fee: GBP20.00$c19\0$e01-jan-2014$fGBP20.00$g0$hP$5Uk
=ACF  \\$aPrevious copyright fee: GBP19.39$c19\0$e01-jul-2014$fGBP19.39$g0$hP$5Uk
=ACF  \\$aPrevious copyright fee: GBP20.65$c19\0$e01-apr-2015$fGBP20.65$g0$hP$5Uk
=ACF  \\$aPrevious copyright fee: GBP21.33$c19\0$e01-jul-2015$fGBP21.33$g0$hP$5Uk
=ACF  \\$aPrevious copyright fee: GBP20.65$c19\0$e01-oct-2015$fGBP20.65$g0$hP$5Uk
=ACF  \\$aPrevious copyright fee: GBP24.83$c19\0$e01-apr-2016$fGBP24.83$g0$hP$5Uk
=ACF  \\$aPrevious copyright fee: GBP26.67$c19\0$e01-oct-2016$fGBP26.67$g0$hP$5Uk
=ACF  \\$aPrevious copyright fee: GBP27.69$c19\0$e01-oct-2017$fGBP27.69$g0$hP$5Uk
=ACF  \\$aPrevious copyright fee: GBP28.80$c19\0$e01-apr-2017$fGBP28.80$g0$hP$5Uk
=ACF  \\$aPrevious copyright fee: GBP30.77$c19\0$e15-mar-2018$fGBP30.77$g0$hP$5Uk
=ACF  \\$aPrevious copyright fee: GBP28.57$c19\0$e01-apr-2018$fGBP28.57$g0$hP$5Uk
=ACF  \\$aPrevious copyright fee: GBP30.77$c19\0$e01-oct-2018$fGBP30.77$g0$hP$5Uk
=ACF  \\$aPrevious copyright fee: GBP32.31$c19\0$e01-jul-2019$fGBP32.31$g0$hP$5Uk
=ACF  \\$aPrevious copyright fee: GBP33.60$c19\0$e01-oct-2019$fGBP33.60$g0$hP$5Uk
=ACF  \\$aPrevious copyright fee: GBP33.52$c19\0$e01-apr-2020$fGBP33.52$g0$hP$5Uk
=ACF  \\$aPrevious copyright fee: GBP34.86$c19\0$e01-jul-2020$fGBP34.86$g0$hP$5Uk
=ACF  \\$aPrevious copyright fee: GBP32.28$c19\0$e01-apr-2021$fGBP32.28$g0$hP$5Uk
=ACF  \\$aPrevious copyright fee: GBP31.13$c19\0$e07-jul-2021$fGBP31.13$g0$hP$5Uk
=CAT  \\$aCONV$b00$c20040425$lBLL90$h0849
=CAT  \\$a5410$b40$c20170524$lBLL01$h1126
=CAT  \\$a5410$b40$c20170524$lBLL01$h1128
=CAT  \\$aBATCH-UPD$b40$c20170904$lBLL01$h1832
=CAT  \\$aIPL-CLA$c20170929$lBLL01$h1719
=CAT  \\$aBATCH-UPD$b00$c20180223$lBLL01$h1649
=CAT  \\$a5552$b40$c20180315$lBLL01$h0855
=CAT  \\$aIPL-CLA$c20180331$lBLL01$h1609
=CAT  \\$aBATCH-UPD$b00$c20180823$lBLL01$h1928
=CAT  \\$aIPL-CLA$c20180930$lBLL01$h1457
=CAT  \\$aBATCH-UPD$b00$c20190521$lBLL01$h1410
=CAT  \\$aIPL-CLA$c20190630$lBLL01$h1529
=CAT  \\$aBATCH-UPD$b00$c20190829$lBLL01$h1527
=CAT  \\$aIPL-CLA$c20190930$lBLL01$h1633
=CAT  \\$aBATCH-UPD$b00$c20200219$lBLL01$h1515
=CAT  \\$aIPL-CLA$c20200331$lBLL01$h1609
=CAT  \\$aBATCH-UPD$b00$c20200522$lBLL01$h1457
=CAT  \\$aIPL-CLA$c20200701$lBLL01$h0050
=CAT  \\$aBATCH-UPD$b00$c20210226$lBLL01$h1037
=CAT  \\$aIPL-CLA$c20210331$lBLL01$h1658
=CAT  \\$aBATCH-UPD$b00$c20210707$lBLL01$h1601
=CAT  \\$aIPL-CLA$c20210707$lBLL01$h1842
=CAT  \\$aBATCH-UPD$b00$c20220520$lBLL01$h1633
=CAT  \\$aIPL-CLA$c20220630$lBLL01$h1535
=CAT  \\$aBATCH-UPD$b00$c20220824$lBLL01$h0859
=CAT  \\$aIPL-CLA$c20220930$lBLL01$h1425
=CFI  0\$aCurrent copyright fee: GBP36.32$c19\0$e01-oct-2022$fGBP36.32$g0$hP$5Uk
=CFI  2\$aPrevious copyright fee: GBP34.86$c19\0$e01-jul-2022$fGBP34.86$g0$hP$5Uk
=FFP  \\$aY$bBLDSS-3PM
=FIN  \\$aY
=FMT  \\$a  SE
=LAS  \\$aIPL-CLA$b00$c20220930$lBLL01$h1425
=LEO  \\$aMP10.0000258212
=LEO  \\$aMP10.0000258210
=MIS  \\$ak-sep
=SRC  \\$aDSS01$bbibmp10.200404.2.aa
=TCO  \\$aCLA$bCLA$c008
=TOC  \\$aETOC
=UNO  \\$aY

