=LDR  05066 as a22010333i 4500
=001  010818879
=003  Uk
=005  20080916122043.0
=007  ta
=008  910813d19551995enkwr2n\\\\\\\0\\\a0eng\\
=022  1\$a0962-8665$202
=040  \\$aUk$beng$cUk$dUk
=082  04$a072.813$222
=222  \0$aSpenborough guardian
=245  00$aSpenborough guardian.
=260  \\$aCleckheaton :$bJohn H. Hirst
=310  \\$aWeekly
=336  \\$atext$2rdacontent
=337  \\$aunmediated$2rdamedia
=338  \\$avolume$2rdacarrier
=540  \\$aBritish Library not licensed to copy$c0$5Uk
=580  \\$aMerged with: Spen Valley news, to form: Spenborough guardian & Spen Valley news.
=651  \0$aSpenborough (England)$vNewspapers.
=651  \0$aWest Yorkshire (England)$vNewspapers.
=752  \\$aEngland$bWest Yorkshire$dSpenborough.$2blnpn
=785  17$tSpen Valley news
=785  17$tSpenborough guardian & Spen Valley news
=852  41$31955-1985$aBritish Library$bNPL$jNEWS226
=866  \\$aNewspapers :no.4565 (25 March 1955) - no. 6657 (7 July 1995). Print available 1955-1985, issues for 1986-1995 only available on Microfilm.
=985  \\$aExisting ISSN record upgraded to give NPL print record (not seen).
=ACF  \\$aBritish Library not licensed to copy$c0$e01-apr-2012$hC$iCLA Excluded$5Uk
=ACF  \\$aBritish Library not licensed to copy$c0$e01-jan-2012$hC$iCLA Excluded$5Uk
=ACF  \\$aBritish Library not licensed to copy$c0$e01-oct-2011$hC$iCLA Excluded$5Uk
=ACF  \\$aBritish Library not licensed to copy$c0$e01-jul-2011$hC$iCLA Excluded$5Uk
=ACF  \\$aBritish Library not licensed to copy$c0$e01-apr-2011$hC$iCLA Excluded$5Uk
=ACF  \\$aBritish Library not licensed to copy$c0$e01-jan-2011$hC$iCLA Excluded$5Uk
=ACF  \\$aBritish Library not licensed to copy$c0$e01-oct-2010$hC$iCLA Excluded$5Uk
=ACF  \\$aBritish Library not licensed to copy$c0$e01-jul-2010$hC$iCLA Excluded$5Uk
=ACF  \\$aBritish Library not licensed to copy$c0$e01-apr-2010$hC$iCLA Excluded$5Uk
=ACF  \\$aBritish Library not licensed to copy$c0$e01-Jan-2010$hC$iCLA Excluded$5Uk
=ACF  \\$aBritish Library not licensed to copy$c0$e01-oct-2009$hC$iCLA Excluded$5Uk
=ACF  \\$aBritish Library not licensed to copy$c0$e01-jul-2009$hC$iCLA Excluded$5Uk
=ACF  \\$aBritish Library not licensed to copy$c0$e01-apr-2009$hC$iCLA Excluded$5Uk
=ACF  \\$aBritish Library not licensed to copy$c0$e01-jan-2009$hC$iCLA Excluded$5Uk
=ACF  \\$aBritish Library not licensed to copy$c0$e01-oct-2008$hC$iCLA Excluded$5Uk
=ACF  \\$aBritish Library not licensed to copy$c0$e01-apr-2005$hC$iCLA Excluded$5Uk
=ACF  \\$aBritish Library not licensed to copy$c0$e01-jul-2012$hC$iCLA Excluded$5Uk
=ACF  \\$aBritish Library not licensed to copy$c0$e01-oct-2012$hC$iCFP Excluded$5Uk
=ACF  \\$aBritish Library not licensed to copy$c0$e01-apr-2013$hC$iCFP Excluded$5Uk
=ACF  \\$aBritish Library not licensed to copy$c0$e01-jul-2013$hC$iCFP Excluded$5Uk
=ACF  \\$aBritish Library not licensed to copy$c0$e01-oct-2013$hC$iCFP Excluded$5Uk
=ACF  \\$aBritish Library not licensed to copy$c0$e01-jan-2014$hC$iCFP Excluded$5Uk
=CAT  \\$aCONV$b00$c20040425$lBLL90$h0849
=CAT  \\$aBATCH-CLA$b00$c20111130$lBLL01$h1156
=CAT  \\$aIPL-CLA$c20111230$lBLL01$h1859
=CAT  \\$aBATCH-CLA$b00$c20120229$lBLL01$h1557
=CAT  \\$aIPL-CLA$c20120330$lBLL01$h1418
=CAT  \\$aBATCH-CLA$b00$c20120531$lBLL01$h1718
=CAT  \\$aIPL-CLA$c20120629$lBLL01$h1015
=CAT  \\$aBATCH-CLA$b00$c20120831$lBLL01$h1544
=CAT  \\$aIPL-CLA$c20120930$lBLL01$h2047
=CAT  \\$aBATCH-CLA$b00$c20121107$lBLL01$h1916
=CAT  \\$aWR12_128$c20121113$lBLL01$h1832
=CAT  \\$aBATCH-CLA$b00$c20130228$lBLL01$h1712
=CAT  \\$aIPL-CLA$c20130331$lBLL01$h1050
=CAT  \\$a540_fix$c20130403$lBLL01$h2010
=CAT  \\$aBATCH-CLA$b00$c20130531$lBLL01$h1649
=CAT  \\$aIPL-CLA$c20130701$lBLL01$h0027
=CAT  \\$aBATCH-CLA$b00$c20130830$lBLL01$h1629
=CAT  \\$aIPL-CLA$c20130930$lBLL01$h1732
=CAT  \\$aBATCH-CLA$b00$c20131129$lBLL01$h1657
=CAT  \\$aIPL-CLA$c20131231$lBLL01$h2142
=CAT  \\$aNPL-LOCK$b77$c20140207$lBLL01$h2150
=CAT  \\$c20140214$lBLL01$h1738
=CAT  \\$aBATCH-CLA$b00$c20140228$lBLL01$h1617
=CAT  \\$aIPL-CLA$c20140331$lBLL01$h1622
=CAT  \\$aBATCH-CLA$b00$c20140530$lBLL01$h1713
=CAT  \\$aIPL-CLA$c20140630$lBLL01$h1710
=CFI  0\$aBritish Library not licensed to copy$c0$e01-jul-2014$hC$iCFP Excluded$5Uk
=CFI  2\$aBritish Library not licensed to copy$c0$e01-apr-2014$hC$iCFP Excluded$5Uk
=FIN  \\$aY
=FMT  \\$a  SE
=LAS  \\$aIPL-CLA$b00$c20140630$lBLL01$h1710
=LEO  \\$aMP22.0000035222
=LKR  \\$aPAR$b014753075$lBLL01$nSpenborough guardian & Spen Valley news$mSpenborough guardian$r78500
=LKR  \\$aPAR$b008418842$lBLL01$nSpen Valley news$mSpenborough guardian$r78517
=NID  \\$aNID0000329
=SRC  \\$aISN01$bbibmp22.200404.2.aa
=TCO  \\$aCLA$bCLA$c008

