=LDR  04268cas a22009257a 4500
=001  010820189
=003  Uk
=005  20220301150948.0
=007  ta
=008  920416d19462003enkwr\n\\\\\\\0\\\a0eng\\
=022  1\$a0966-1301$202
=040  \\$aUk$beng$cUk$dUk
=042  \\$aukblsr
=082  04$a072.873$222
=222  \0$aGateshead post
=245  00$aGateshead post.
=260  \\$aGateshead :$bNewcastle Chronicle & Journal,$c1946-2003.
=336  \\$atext$2rdacontent
=337  \\$aunmediated$2rdamedia
=338  \\$avolume$2rdacarrier
=540  \\$aBritish Library not licensed to copy$c0$5Uk
=651  0\$aGateshead (England)$vNewspapers.
=651  0\$aTyne and Wear (England)$vNewspapers.
=752  \\$aEngland$bTyne and Wear$dGateshead.$2blnpn
=785  04$tGateshead herald & post (1999)
=852  41$31947-1952$aBritish Library$bNPL$jNEWS13177
=852  41$31951-1985$aBritish Library$bNPL$jNEWS303
=852  41$31986-2003$aBritish Library$bHMNTS$zMicroform.$jMFM.SP387
=856  42$31987$uhttp://www.britishnewspaperarchive.co.uk/search/results?TitleId=BL/0004697$yBritish Newspaper Archive
=866  \\$aNewspapers :No. 199 (31 Aug. 1951)-20 Aug. 2003 [For issues 1986- see Microfilm].
=985  \\$aExisting ISSN record upgraded to form NPL print record.
=ACF  \\$aBritish Library not licensed to copy$c0$e01-apr-2012$hC$iCLA Excluded$5Uk
=ACF  \\$aBritish Library not licensed to copy$c0$e01-jan-2012$hC$iCLA Excluded$5Uk
=ACF  \\$aBritish Library not licensed to copy$c0$e01-oct-2011$hC$iCLA Excluded$5Uk
=ACF  \\$aBritish Library not licensed to copy$c0$e01-jul-2011$hC$iCLA Excluded$5Uk
=ACF  \\$aBritish Library not licensed to copy$c0$e01-apr-2011$hC$iCLA Excluded$5Uk
=ACF  \\$aBritish Library not licensed to copy$c0$e01-jan-2011$hC$iCLA Excluded$5Uk
=ACF  \\$aBritish Library not licensed to copy$c0$e01-oct-2010$hC$iCLA Excluded$5Uk
=ACF  \\$aBritish Library not licensed to copy$c0$e01-jul-2010$hC$iCLA Excluded$5Uk
=ACF  \\$aBritish Library not licensed to copy$c0$e01-apr-2010$hC$iCLA Excluded$5Uk
=ACF  \\$aBritish Library not licensed to copy$c0$e01-Jan-2010$hC$iCLA Excluded$5Uk
=ACF  \\$aBritish Library not licensed to copy$c0$e01-oct-2009$hC$iCLA Excluded$5Uk
=ACF  \\$aBritish Library not licensed to copy$c0$e01-apr-2005$hC$iCLA Excluded$5Uk
=CAT  \\$aCONV$b00$c20040425$lBLL90$h0849
=CAT  \\$aRESET-LEV$b50$c20220103$lBLL01$h0028
=CAT  \\$aRESET-LEV$b50$c20220202$lBLL01$h0136
=CAT  \\$aBATCH-856$b50$c20220214$lBLL01$h0937
=CAT  \\$aBATCH-UPD$b50$c20220214$lBLL01$h0940
=CAT  \\$aBATCH-856$b50$c20220301$lBLL01$h1509
=CAT  \\$aBATCH-UPD$b50$c20220301$lBLL01$h1511
=CAT  \\$aRESET-LEV$b50$c20220302$lBLL01$h0050
=CAT  \\$aRESET-LEV$b50$c20220401$lBLL01$h2225
=CAT  \\$aRESET-LEV$b50$c20220502$lBLL01$h0237
=CAT  \\$aRESET-LEV$b50$c20220602$lBLL01$h2120
=CAT  \\$aRESET-LEV$b50$c20220701$lBLL01$h2226
=CAT  \\$aRESET-LEV$b50$c20220802$lBLL01$h0348
=CAT  \\$aRESET-LEV$b50$c20220902$lBLL01$h2214
=CAT  \\$aRESET-LEV$b50$c20221003$lBLL01$h0408
=CAT  \\$aRESET-LEV$b50$c20221102$lBLL01$h0227
=CAT  \\$aRESET-LEV$b50$c20221202$lBLL01$h2219
=CAT  \\$aRESET-LEV$b50$c20230102$lBLL01$h0254
=CAT  \\$aRESET-LEV$b50$c20230202$lBLL01$h2120
=CAT  \\$aRESET-LEV$b50$c20230302$lBLL01$h2128
=CAT  \\$aRESET-LEV$b50$c20230403$lBLL01$h0236
=CAT  \\$aRESET-LEV$b50$c20230502$lBLL01$h0319
=CAT  \\$aRESET-LEV$b50$c20230602$lBLL01$h2219
=CAT  \\$aRESET-LEV$b50$c20230703$lBLL01$h0500
=CAT  \\$aRESET-LEV$b50$c20230802$lBLL01$h0202
=CAT  \\$aRESET-LEV$b50$c20230902$lBLL01$h1728
=CAT  \\$aRESET-LEV$b50$c20231002$lBLL01$h0432
=CFI  0\$aBritish Library not licensed to copy$c0$e01-oct-2012$hC$iCFP Excluded$5Uk
=CFI  2\$aBritish Library not licensed to copy$c0$e01-jul-2012$hC$iCLA Excluded$5Uk
=FIN  \\$aY
=FMT  \\$a  SE
=LAS  \\$aRESET-LEV$b50$c20231002$lBLL01$h0432
=LEO  \\$aMP22.0000037789
=LKR  \\$aPAR$b013891998$lBLL01$nGateshead post (Microfilm)$mGateshead post (Print)$r776
=NID  \\$aNID0000426
=SRC  \\$aISN01$bbibmp22.200404.2.aa
=TCO  \\$aCLA$bCLA$c008

