=LDR  04686aas a2201009 a 4500
=001  010820587
=003  Uk
=005  20100406131140.0
=007  ta
=008  940711d19742007enkwr\n\\\\\\\0\\\a0eng\\
=022  1\$a0967-2826$202
=040  \\$aUk$beng$cUk$dUk
=042  \\$aukblsr
=082  04$a072.521$222
=222  \0$aDukeries advertiser
=245  00$aDukeries advertiser.
=246  17$aAdvertiser
=260  \\$aNewark :$bNewark Advertiser
=260  3\$a[Newark] :$bAdvertiser Group Newspapers,$c-2007.
=300  \\$av. :$bill., ports.
=310  \\$aWeekly
=336  \\$atext$2rdacontent
=337  \\$aunmediated$2rdamedia
=338  \\$avolume$2rdacarrier
=362  0\$a-Oct. 5, 2007.
=500  \\$aDescription based on final issue.
=540  \\$aBritish Library not licensed to copy$c0$5Uk
=651  \0$aWorksop (England)$vNewspapers.
=651  \0$aNottinghamshire (England)$vNewspapers.
=752  \\$aEngland$bNottinghamshire$dWorksop.$2blnpn
=785  00$tOllerton advertiser and Dukeries advertiser$x2044-1568
=852  41$31974-1985$aBritish Library$bNPL$jNEWS324
=866  \\$aNewspapers :5 Jan. 1974 - 5 Oct. 2007 [For issues 1986 onwards, see Microfilm] Print copies are not made available where a microfilm alternative exists.
=985  \\$aExisting ISSN record upgraded from microfilm to form NPL print record. Holdings of print and microfilm split.
=ACF  \\$aBritish Library not licensed to copy$c0$e01-apr-2012$hC$iCLA Excluded$5Uk
=ACF  \\$aBritish Library not licensed to copy$c0$e01-jan-2012$hC$iCLA Excluded$5Uk
=ACF  \\$aBritish Library not licensed to copy$c0$e01-oct-2011$hC$iCLA Excluded$5Uk
=ACF  \\$aBritish Library not licensed to copy$c0$e01-jul-2011$hC$iCLA Excluded$5Uk
=ACF  \\$aBritish Library not licensed to copy$c0$e01-apr-2011$hC$iCLA Excluded$5Uk
=ACF  \\$aBritish Library not licensed to copy$c0$e01-jan-2011$hC$iCLA Excluded$5Uk
=ACF  \\$aBritish Library not licensed to copy$c0$e01-oct-2010$hC$iCLA Excluded$5Uk
=ACF  \\$aBritish Library not licensed to copy$c0$e01-jul-2010$hC$iCLA Excluded$5Uk
=ACF  \\$aBritish Library not licensed to copy$c0$e01-apr-2010$hC$iCLA Excluded$5Uk
=ACF  \\$aBritish Library not licensed to copy$c0$e01-apr-2005$hC$iCLA Excluded$5Uk
=ACF  \\$aBritish Library not licensed to copy$c0$e01-jul-2012$hC$iCLA Excluded$5Uk
=ACF  \\$aBritish Library not licensed to copy$c0$e01-oct-2012$hC$iCFP Excluded$5Uk
=ACF  \\$aBritish Library not licensed to copy$c0$e01-jan-2013$hC$iCFP Excluded$5Uk
=ACF  \\$aBritish Library not licensed to copy$c0$e01-apr-2013$hC$iCFP Excluded$5Uk
=ACF  \\$aBritish Library not licensed to copy$c0$e01-jul-2013$hC$iCFP Excluded$5Uk
=ACF  \\$aBritish Library not licensed to copy$c0$e01-oct-2013$hC$iCFP Excluded$5Uk
=ACF  \\$aBritish Library not licensed to copy$c0$e01-jan-2014$hC$iCFP Excluded$5Uk
=CAT  \\$aCONV$b00$c20040425$lBLL90$h0849
=CAT  \\$aIPL-CLA$c20120330$lBLL01$h1418
=CAT  \\$aBATCH-CLA$b00$c20120531$lBLL01$h1726
=CAT  \\$aIPL-CLA$c20120629$lBLL01$h1016
=CAT  \\$aBATCH-CLA$b00$c20120831$lBLL01$h1554
=CAT  \\$aIPL-CLA$c20120930$lBLL01$h2048
=CAT  \\$aBATCH-CLA$b00$c20121107$lBLL01$h1916
=CAT  \\$aWR12_128$c20121113$lBLL01$h1833
=CAT  \\$aBATCH-CLA$b00$c20121130$lBLL01$h1247
=CAT  \\$aIPL-CLA$c20121231$lBLL01$h1300
=CAT  \\$aIPL-CLA$c20130102$lBLL01$h1711
=CAT  \\$aBATCH-CLA$b00$c20130228$lBLL01$h1713
=CAT  \\$aIPL-CLA$c20130331$lBLL01$h1050
=CAT  \\$a540_fix$c20130403$lBLL01$h2010
=CAT  \\$aBATCH-CLA$b00$c20130531$lBLL01$h1650
=CAT  \\$aIPL-CLA$c20130701$lBLL01$h0027
=CAT  \\$aBATCH-CLA$b00$c20130830$lBLL01$h1631
=CAT  \\$aIPL-CLA$c20130930$lBLL01$h1733
=CAT  \\$aBATCH-CLA$b00$c20131129$lBLL01$h1704
=CAT  \\$aIPL-CLA$c20131231$lBLL01$h2143
=CAT  \\$aNPL-LOCK$b77$c20140207$lBLL01$h2150
=CAT  \\$c20140214$lBLL01$h1738
=CAT  \\$aBATCH-CLA$b00$c20140228$lBLL01$h1619
=CAT  \\$aIPL-CLA$c20140331$lBLL01$h1622
=CAT  \\$aBATCH-CLA$b00$c20140530$lBLL01$h1716
=CAT  \\$aIPL-CLA$c20140630$lBLL01$h1710
=CFI  0\$aBritish Library not licensed to copy$c0$e01-jul-2014$hC$iCFP Excluded$5Uk
=CFI  2\$aBritish Library not licensed to copy$c0$e01-apr-2014$hC$iCFP Excluded$5Uk
=FIN  \\$aY
=FMT  \\$a  SE
=LAS  \\$aIPL-CLA$b00$c20140630$lBLL01$h1710
=LEO  \\$aMP22.0000038659
=LKR  \\$aPAR$b013893443$lBLL01$nDukeries advertiser (Microfilm)$mDukeries advertiser (Print)$r776
=NID  \\$aNID0000448
=SRC  \\$aISN01$bbibmp22.200404.2.aa
=TCO  \\$aCLA$bCLA$c008

