=LDR  07838cas a2201573 a 4500
=001  011095411
=003  Uk
=005  20230930103548.0
=007  ta
=008  040409d19861992enkar\\\\r\\\\0\\\a0eng\\
=019  c\$a2307699
=019  1\$ar6821605
=019  0\$as145635023
=022  0\$y0269-8358$y0269-8366$y0964-6167$y0964-6175
=040  \\$aUk$cUk$dUk
=050  00$aZ6941
=082  04$a070.025$219
=084  \\$aAA 660$2blsrissc
=084  \\$aAA 423$2blsrissc
=084  \\$aAB 766$2blsrissc
=245  00$aBenn's media directory.
=260  \\$aTonbridge :$bBenn Business Information Services,$c1986-1992.
=300  \\$av. ;$c30 cm.
=310  \\$aAnnual
=336  \\$atext$2rdacontent
=337  \\$aunmediated$2rdamedia
=338  \\$avolume$2rdacarrier
=362  0\$a134th ed. (1986)-140th ed. (1992)
=515  \\$aVols. for 1986-1991 issued in 2 vols.: United Kingdom; and, International.
=515  \\$a1992 issued in 3 vols.: United Kingdom; Europe; and, World.
=540  \\$aCurrent Copyright Fee: GBP25.00$c0$5Uk
=595  \\$aFORMERLY 1892.055 UP TO ED. 133, 1985 CONTD AS 1892.0529 ED. 141, 1993- SEE ALSO SERIAL RECORDS LULS 1.
=650  \0$aSerial publications$vDirectories.
=650  \0$aNewspapers$vDirectories.
=780  00$tBenn's press directory
=785  00$tBenn's media
=852  71$aBritish Library$bSTI$cRES$k(XP)$hAA 660$m-E(1)$2blsrissc
=852  41$aBritish Library$bDSC$j1892.053000$3ED. 134, 1986- 140, 1992 *A=1
=852  41$aBritish Library$bHMNTS
=852  41$aBritish Library$bHMNTS$jP.823/57$3134th ed. (1986) - 140th ed. (1992)
=945  \\$aBENNS MEDIA DIRECTORY.
=959  \\$fHeld but not currently received
=968  \\$bX
=985  \\$aRecord merged by DQ team
=985  \\$aDo not merge with ISSN records
=A02  \\$a2307699
=ACF  \\$aPrevious Copyright Fee: GBP6.00$c0$e01-oct-2008$fGBP6.00$g0$hC$5Uk
=ACF  \\$aPrevious Copyright Fee: GBP5.00$c0$e01-jul-2007$fGBP5.00$g0$hC$5Uk
=ACF  \\$aPrevious Copyright Fee: GBP5.00$c0$e01-apr-2007$fGBP5.00$g0$hC$5Uk
=ACF  \\$aPrevious Copyright Fee: GBP5.00$c0$e01-jan-2007$fGBP5.00$g0$hC$5Uk
=ACF  \\$aPrevious Copyright Fee: GBP5.00$c0$e01-oct-2006$fGBP5.00$g0$hC$5Uk
=ACF  \\$aPrevious Copyright Fee: GBP5.00$c0$e01-jul-2006$fGBP5.00$g0$hC$5Uk
=ACF  \\$aPrevious Copyright Fee: GBP5.00$c0$e01-apr-2006$fGBP5.00$g0$hC$5Uk
=ACF  \\$aPrevious Copyright Fee: GBP5.00$c0$e01-jan-2006$fGBP5.00$g0$hC$5Uk
=ACF  \\$aPrevious Copyright Fee: GBP5.00$c0$e01-oct-2005$fGBP5.00$g0$hC$5Uk
=ACF  \\$aPrevious Copyright Fee: GBP5.00$c0$e01-jul-2005$fGBP5.00$g0$hC$5Uk
=ACF  \\$aPrevious Copyright Fee: GBP5.00$c0$e01-apr-2005$fGBP5.00$g0$hC$5Uk
=ACF  \\$aPrevious Copyright Fee: GBP5.00$c0$e01-jan-2005$fGBP5.00$g0$hC$5Uk
=ACF  \\$aPrevious Copyright Fee: GBP5.00$c0$e01-oct-2004$fGBP5.00$g0$hC$5Uk
=ACF  \\$aPrevious copyright fee: GBP5.00$c0$e01-jul-2002$fGBP5.00$g0$hC$5Uk
=ACF  \\$aCurrent copyright fee: GBP2.50$c0$e01-jul-1998$fGBP2.50$g0$hC$5Uk
=ACF  \\$aCurrent copyright fee: GBP2.30$c0$e01-apr-1997$fGBP2.30$g0$hC$5Uk
=ACF  \\$aPrevious copyright fee: GBP10.50$c0$e01-jan-2011$fGBP10.50$g0$hA$5Uk
=ACF  \\$aPrevious copyright fee: GBP12.00$c0$e01-jan-2012$fGBP12.00$g0$hA$5Uk
=ACF  \\$aPrevious Copyright Fee: GBP12.30$c0$e01-jan-2014$fGBP12.30$g0$hA$5Uk
=ACF  \\$aPrevious Copyright Fee: GBP12.30$c0$e01-apr-2016$fGBP12.30$g0$hC$5Uk
=ACF  \\$aPrevious Copyright Fee: GBP12.30$c0$e01-jul-2016$fGBP12.30$g0$hC$5Uk
=ACF  \\$aPrevious Copyright Fee: GBP12.30$c0$e01-oct-2016$fGBP12.30$g0$hC$5Uk
=ACF  \\$aPrevious Copyright Fee: GBP15.00$c0$e01-jan-2017$fGBP15.00$g0$hC$5Uk
=ACF  \\$aPrevious Copyright Fee: GBP15.00$c0$e01-apr-2017$fGBP15.00$g0$hC$5Uk
=ACF  \\$aPrevious Copyright Fee: GBP15.00$c0$e01-jul-2017$fGBP15.00$g0$hC$5Uk
=ACF  \\$aPrevious Copyright Fee: GBP15.00$c0$e01-oct-2017$fGBP15.00$g0$hC$5Uk
=ACF  \\$aPrevious Copyright Fee: GBP17.50$c0$e01-jan-2018$fGBP17.50$g0$hC$5Uk
=ACF  \\$aPrevious Copyright Fee: GBP17.50$c0$e01-apr-2018$fGBP17.50$g0$hC$5Uk
=ACF  \\$aPrevious Copyright Fee: GBP17.50$c0$e01-jul-2018$fGBP17.50$g0$hC$5Uk
=ACF  \\$aPrevious Copyright Fee: GBP17.50$c0$e01-oct-2018$fGBP17.50$g0$hC$5Uk
=ACF  \\$aPrevious Copyright Fee: GBP17.50$c0$e01-jan-2019$fGBP17.50$g0$hC$5Uk
=ACF  \\$aPrevious Copyright Fee: GBP17.50$c0$e01-apr-2019$fGBP17.50$g0$hC$5Uk
=ACF  \\$aPrevious Copyright Fee: GBP17.50$c0$e01-jul-2019$fGBP17.50$g0$hC$5Uk
=ACF  \\$aPrevious Copyright Fee: GBP17.50$c0$e01-oct-2019$fGBP17.50$g0$hC$5Uk
=ACF  \\$aPrevious Copyright Fee: GBP20.00$c0$e01-jan-2020$fGBP20.00$g0$hC$5Uk
=ACF  \\$aPrevious Copyright Fee: GBP20.00$c0$e01-apr-2020$fGBP20.00$g0$hC$5Uk
=ACF  \\$aPrevious Copyright Fee: GBP20.00$c0$e01-jul-2020$fGBP20.00$g0$hC$5Uk
=ACF  \\$aPrevious Copyright Fee: GBP20.00$c0$e01-oct-2020$fGBP20.00$g0$hC$5Uk
=ACF  \\$aPrevious Copyright Fee: GBP22.50$c0$e01-jan-2021$fGBP22.50$g0$hC$5Uk
=ACF  \\$aPrevious Copyright Fee: GBP22.50$c0$e01-apr-2021$fGBP22.50$g0$hC$5Uk
=ACF  \\$aPrevious Copyright Fee: GBP22.50$c0$e01-jul-2021$fGBP22.50$g0$hC$5Uk
=ACF  \\$aPrevious Copyright Fee: GBP22.50$c0$e01-oct-2021$fGBP22.50$g0$hC$5Uk
=ACF  \\$aPrevious Copyright Fee: GBP22.50$c0$e01-jan-2022$fGBP22.50$g0$hC$5Uk
=ACF  \\$aPrevious Copyright Fee: GBP22.50$c0$e01-apr-2022$fGBP22.50$g0$hC$5Uk
=ACF  \\$aPrevious Copyright Fee: GBP22.50$c0$e01-jul-2022$fGBP22.50$g0$hC$5Uk
=ACF  \\$aPrevious Copyright Fee: GBP22.50$c0$e01-oct-2022$fGBP22.50$g0$hC$5Uk
=ACF  \\$aBritish Library not licensed to copy$c0$e01-jan-2023$hC$iCFP Excluded$5Uk
=ACF  \\$aPrevious Copyright Fee: GBP25.00$c0$e09-feb-2023$fGBP25.00$g0$hC$5Uk
=ACF  \\$aPrevious Copyright Fee: GBP25.00$c0$e01-apr-2023$fGBP25.00$g0$hC$5Uk
=CAT  \\$aCONV$b00$c20040425$lBLL90$h0659
=CAT  \\$aBATCH-CLA$b00$c20210227$lBLL01$h1017
=CAT  \\$aIPL-CLA$c20210331$lBLL01$h1838
=CAT  \\$aBATCH-CLA$b00$c20210528$lBLL01$h1529
=CAT  \\$aIPL-CLA$c20210704$lBLL01$h1115
=CAT  \\$aBATCH-CLA$b00$c20210917$lBLL01$h1607
=CAT  \\$aIPL-CLA$c20210930$lBLL01$h1647
=CAT  \\$aBATCH-CLA$b00$c20211203$lBLL01$h0820
=CAT  \\$aIPL-CLA$c20211231$lBLL01$h1715
=CAT  \\$aBATCH-CLA$b00$c20220304$lBLL01$h1533
=CAT  \\$aIPL-CLA$c20220331$lBLL01$h2205
=CAT  \\$aBATCH-CLA$b00$c20220601$lBLL01$h1545
=CAT  \\$aIPL-CLA$c20220630$lBLL01$h1703
=CAT  \\$aBATCH-CLA$b00$c20220903$lBLL01$h0720
=CAT  \\$aIPL-CLA$c20220930$lBLL01$h1551
=CAT  \\$aBATCH-CLA$b00$c20221130$lBLL01$h1501
=CAT  \\$aIPL-CLA$c20221231$lBLL01$h2000
=CAT  \\$aBATCH-CLA$b00$c20230209$lBLL01$h1547
=CAT  \\$aBATCH-CLA$b00$c20230209$lBLL01$h1548
=CAT  \\$aIPL-CLA$c20230210$lBLL01$h0055
=CAT  \\$aBATCH-CLA$b00$c20230314$lBLL01$h1829
=CAT  \\$aIPL-CLA$c20230331$lBLL01$h1629
=CAT  \\$aBATCH-CLA$b00$c20230531$lBLL01$h1703
=CAT  \\$aIPL-CLA$c20230630$lBLL01$h1717
=CAT  \\$aBATCH-CLA$b00$c20230906$lBLL01$h1740
=CAT  \\$aIPL-CLA$c20230930$lBLL01$h1035
=CFI  0\$aCurrent Copyright Fee: GBP25.00$c0$e01-oct-2023$fGBP25.00$g0$hC$5Uk
=CFI  2\$aPrevious Copyright Fee: GBP25.00$c0$e01-jul-2023$fGBP25.00$g0$hC$5Uk
=FIN  \\$aY
=FMT  \\$a  SE
=LAS  \\$aIPL-CLA$b00$c20230930$lBLL01$h1035
=LEO  \\$aMP25.0000046619
=LEO  \\$aMP10.0000092058
=LEO  \\$aMP13.0001164997
=LKR  \\$aPAR$b011095412$lBLL01$r78000$mBenn's media directory.$nBenn's press directory.
=SRC  \\$aSRI01$bbibmp25.200404.2.aa
=SRC  \\$aDSS01$bbibmp10.200404.2.aa
=SRC  \\$aHSS01$bbibmp13.200404.2.ab
=TCO  \\$aCLA$bCLA$c008

