=LDR  04237cas a2201057 a 4500
=001  011095412
=003  Uk
=005  20221231200048.0
=007  ta
=008  040409d19781985enkar\\\\r\\\\0\\\a0eng\\
=019  c\$a2032669
=019  1\$ar6196045
=019  0\$as145635015
=022  0\$y0141-1772$y0141-6170
=040  \\$aUk$cUk$dUk
=050  00$aZ6941
=082  04$a070.025$219
=084  \\$aAA 660$2blsrissc
=084  \\$aAA 423$2blsrissc
=084  \\$aAB 766$2blsrissc
=245  00$aBenn's press directory.
=260  \\$aTonbridge :$bBenn Publications,$c1978-1985.
=300  \\$av. ;$c30 cm.
=310  \\$aAnnual
=336  \\$atext$2rdacontent
=337  \\$aunmediated$2rdamedia
=338  \\$avolume$2rdacarrier
=362  0\$a126th ed. (1978)-133rd ed. (1985).
=515  \\$aVols. for 1978-1982 issued in 2 vols.: Vol. 1, United Kingdom; and, Vol. 2, Overseas.
=515  \\$aVols. for 1983-1885 issued in 2 vols.: United Kingdom; and, International.
=540  \\$aCurrent Copyright Fee: GBP25.00$c0$5Uk
=595  \\$aFORMERLY 6108.75 UP TO 125TH, ED. 1976 CONTD AS 1892.053 134TH, ED. 1986-
=650  \0$aPress$vDirectories.
=780  00$tNewspaper press directory$x0078-043X
=785  00$tBenn's media directory
=852  71$aBritish Library$bSTI$cRES$k(XP)$hAA 660$m-E(1)$2blsrissc$31978-1985; Ed. 126-133.
=852  41$aBritish Library$bHMNTS$jP.823/57$31978-1985 : 126th ed. - 133rd ed.
=852  41$aBritish Library$bDSC$j1892.055000
=945  \\$aBENNS PRESS DIRECTORY.
=959  \\$fHeld but not currently received
=985  \\$aRecord merged by DQ team
=985  \\$aDo not merge with ISSN records
=A02  \\$a2032669
=ACF  \\$aPrevious copyright fee: GBP5.00$c0$e01-jul-2002$fGBP5.00$g0$hC$5Uk
=ACF  \\$aCurrent copyright fee: GBP4.40$c0$e01-jul-1998$fGBP4.40$g0$hA$5Uk
=ACF  \\$aCurrent copyright fee: GBP4.20$c0$e01-apr-1997$fGBP4.20$g0$hA$5Uk
=ACF  \\$aPrevious copyright fee: GBP10.50$c0$e01-jan-2011$fGBP10.50$g0$hA$5Uk
=ACF  \\$aPrevious copyright fee: GBP12.00$c0$e01-jan-2012$fGBP12.00$g0$hA$5Uk
=ACF  \\$aPrevious Copyright Fee: GBP12.30$c0$e01-jan-2014$fGBP12.30$g0$hA$5Uk
=ACF  \\$aPrevious Copyright Fee: GBP15.00$c0$e01-jan-2017$fGBP15.00$g0$hA$5Uk
=ACF  \\$aPrevious Copyright Fee: GBP17.50$c0$e01-jan-2018$fGBP17.50$g0$hA$5Uk
=ACF  \\$aPrevious Copyright Fee: GBP20.00$c0$e01-jan-2020$fGBP20.00$g0$hA$5Uk
=CAT  \\$aCONV$b00$c20040425$lBLL90$h0659
=CAT  \\$a6550$b40$c20070731$lBLL01$h1426
=CAT  \\$a6550$b40$c20070731$lBLL01$h1437
=CAT  \\$a6550$b40$c20070731$lBLL01$h1500
=CAT  \\$a6550$b40$c20070801$lBLL01$h1505
=CAT  \\$aBATCH$b00$c20091210$lBLL01$h0424
=CAT  \\$aBATCH$b00$c20091214$lBLL01$h0622
=CAT  \\$aBATCH-UPD$b00$c20101201$lBLL01$h1235
=CAT  \\$aIPL-CLA$c20101231$lBLL01$h1401
=CAT  \\$aWR11_203$c20111204$lBLL01$h1420
=CAT  \\$aIPL-CLA$c20111230$lBLL01$h1901
=CAT  \\$aBATCH-CLA$b00$c20121107$lBLL01$h1914
=CAT  \\$aWR13.005$c20130323$lBLL01$h1405
=CAT  \\$aBATCH-CLA$c20131219$lBLL01$h1826
=CAT  \\$aIPL-CLA$c20131231$lBLL01$h2147
=CAT  \\$aBATCH-CLA$b00$c20161222$lBLL01$h1739
=CAT  \\$aIPL-CLA$c20161230$lBLL01$h1957
=CAT  \\$aBATCH-CLA$b00$c20171222$lBLL01$h2045
=CAT  \\$aIPL-CLA$c20171231$lBLL01$h1528
=CAT  \\$aBATCH-CLA$b00$c20191219$lBLL01$h1705
=CAT  \\$aIPL-CLA$c20191231$lBLL01$h1838
=CAT  \\$aR2001-1524$c20200127$lBLL01$h1948
=CAT  \\$aBATCH-CLA$b00$c20201204$lBLL01$h1503
=CAT  \\$aIPL-CLA$c20201231$lBLL01$h2051
=CAT  \\$aBATCH-CLA$b00$c20221221$lBLL01$h1810
=CAT  \\$aIPL-CLA$c20221231$lBLL01$h2000
=CFI  0\$aCurrent Copyright Fee: GBP25.00$c0$e01-jan-2023$fGBP25.00$g0$hA$5Uk
=CFI  2\$aPrevious Copyright Fee: GBP22.50$c0$e01-jan-2021$fGBP22.50$g0$hA$5Uk
=FIN  \\$aY
=FMT  \\$a  SE
=LAS  \\$aIPL-CLA$b00$c20221231$lBLL01$h2000
=LEO  \\$aMP10.0000092059
=LEO  \\$aMP10.0000092060
=LEO  \\$aMP13.0000949867
=LEO  \\$aMP25.0000046618
=SRC  \\$aDSS01$bbibmp10.200404.2.aa
=SRC  \\$aHSS01$bbibmp13.200404.2.ab
=SRC  \\$aSRI01$bbibmp25.200404.2.aa
=TCO  \\$aCLA$bCLA$c008

