=LDR  05307cas a2201189 a 4500
=001  011113896
=003  Uk
=005  20221007131721.0
=007  ta
=008  760825d19982016nyu\x\p\\\\\\\0\\\a0eng\\
=019  c\$a2201682
=019  0\$as278083005
=022  0\$a0098-6577$y2157-1724
=040  \\$aUk$cUk$dUk
=042  \\$aukblsr
=082  04$a616.61$222
=084  \\$aGV 71$2blsrissc
=210  0\$aKidney inter., Suppl.
=222  \0$aKidney international. Supplement
=245  00$aKidney international.$pSupplement.
=246  1\$iMinor title change:$aKidney international.$pSupplements,$fJune 2011-
=260  \\$aNew York :$bSpringer,$c1974-
=260  2\$aMalden, MA :$bBlackwell
=260  2\$32006- :$aNew York :$bNature Publishing Group
=264  31$32016- :$a[New York?] :$bElsevier
=300  \\$av. :$bill. (some col.) ;$c28 cm.
=310  \\$aIrregular
=336  \\$atext$2rdacontent
=337  \\$aunmediated$2rdamedia
=338  \\$avolume$2rdacarrier
=505  0\$aConsists of proceedings of conferences.
=515  \\$aBegan new numbering series with: Vol. 1, issue 1 (June 2011)-
=540  \\$aCurrent copyright fee: GBP34.30$c5\1$5Uk
=550  \\$aOfficial journal of the International Society of Nephrology.
=588  \\$aLatest issue consulted: [New ser.], v. 1, issue 1 (June 2011).
=588  \\$aLatest issue consulted: Volume 100, issue 4 S (October 2021).
=650  \0$aNephrology$vPeriodicals.
=650  \0$aKidneys$xDiseases$vPeriodicals.
=650  \0$aKidneys$xDiseases$vCongresses.
=710  2\$aInternational Society of Nephrology.
=772  0\$tKidney international$x0085-2538
=776  08$iAlso issued online as:$tKidney international. Supplement (Online)$x2157-1716
=852  41$aBritish Library$bHMNTS$jDZK.9.X.731$3Vol. 72, no. 106 (2007)-v. 79, suppl. 121 (Apr. 2011), new ser. v. 1, issue 1 (Jun. 2011)-v. 6 Issue 2 (Dec.2016)
=852  71$aBritish Library$bSTI$k(P)$hGV 71$m-E(12)$2blsrissc$3No. 1 (1974)- no. 80 (2002)***UKRR Retained Title
=852  41$aBritish Library$bDSC$j5094.301000$3No. 3 (1975); no. 8 (1978); no. 16 (1983)-no. 111 (2008)***UKRR Retained Title
=856  \\$31850-9999$uhttp://www.nature.com/$xBLDSS
=945  \\$aKidney international -Supplement-
=959  \\$fHeld but not currently received
=985  \\$aRecord merged by DQ team
=985  \\$aISSN has title change at 2011 but is really a minor change & so treated here. ISSN for current title appears in {dollar}y of 022
=A02  \\$a2201682
=ACF  \\$aPrevious copyright fee: GBP16.60$c16\0$e01-jan-2007$fGBP16.60$g0$hP$5Uk
=ACF  \\$aPrevious copyright fee: GBP16.22$c16\0$e01-oct-2006$fGBP16.22$g0$hP$5Uk
=ACF  \\$aPrevious copyright fee: GBP17.14$c16\0$e01-apr-2006$fGBP17.14$g0$hP$5Uk
=ACF  \\$aPrevious copyright fee: GBP16.67$c16\0$e01-jan-2006$fGBP16.67$g0$hP$5Uk
=ACF  \\$aPrevious copyright fee: GBP15.00$c10\0$e01-apr-2004$fGBP15.00$g0$hP$5Uk
=ACF  \\$aCurrent copyright fee: GBP13.00$c10\2$e02-jan-2002$fGBP13.00$g0$hP$5Uk
=ACF  \\$aPrevious copyright fee: GBP22.00$c16\0$e01-oct-2010$fGBP22.00$g0$hP$5Uk
=ACF  \\$aPrevious copyright fee: GBP17.50$c16\0$e01-jan-2009$fGBP17.50$g0$hP$5Uk
=ACF  \\$aPrevious copyright fee: GBP22.50$c5\1$e11-dec-2015$fGBP22.50$g0$hP$5Uk
=ACF  \\$aPrevious copyright fee: GBP23.40$c5\1$e01-jan-2018$fGBP23.40$g0$hP$5Uk
=CAT  \\$aCONV$b00$c20040425$lBLL90$h0705
=CAT  \\$aBATCH$b00$c20091214$lBLL01$h0629
=CAT  \\$aBATCH$b00$c20091216$lBLL01$h0153
=CAT  \\$aBATCH-UPD$b00$c20100818$lBLL01$h1551
=CAT  \\$aIPL-CLA$c20100930$lBLL01$h1513
=CAT  \\$a8483$b40$c20101109$lBLL01$h1329
=CAT  \\$aBATCH-UPD$b40$c20101220$lBLL01$h1345
=CAT  \\$a8323$b40$c20110627$lBLL01$h1124
=CAT  \\$aBATCH-CLA$b00$c20121107$lBLL01$h1910
=CAT  \\$aWR12_168$c20121206$lBLL01$h1812
=CAT  \\$a5552$b40$c20131016$lBLL01$h0912
=CAT  \\$aBLDSS-3PM$b00$c20150111$lBLL01$h1520
=CAT  \\$a5552$b40$c20151211$lBLL01$h0849
=CAT  \\$aBATCH-UPD$b40$c20160524$lBLL01$h2148
=CAT  \\$aBATCH-UPD$b40$c20160524$lBLL01$h2156
=CAT  \\$a5552$b40$c20160614$lBLL01$h0858
=CAT  \\$a8124$b40$c20170316$lBLL01$h1126
=CAT  \\$a11315$b40$c20171011$lBLL01$h0917
=CAT  \\$aBATCH-UPD$b40$c20171121$lBLL01$h1741
=CAT  \\$aIPL-CLA$c20171231$lBLL01$h1532
=CAT  \\$aBATCH-UPD$b00$c20190521$lBLL01$h1433
=CAT  \\$aIPL-CLA$c20190630$lBLL01$h1529
=CAT  \\$a8483$b40$c20211112$lBLL01$h0912
=CAT  \\$a8483$b40$c20211112$lBLL01$h0913
=CAT  \\$aBATCH-UPD$b40$c20211119$lBLL01$h1551
=CAT  \\$aIPL-CLA$c20211231$lBLL01$h1539
=CAT  \\$a7764$b40$c20221007$lBLL01$h1317
=CFI  0\$aCurrent copyright fee: GBP34.30$c5\1$e01-jan-2022$fGBP34.30$g0$hP$5Uk
=CFI  2\$aPrevious copyright fee: GBP32.84$c5\1$e01-jul-2019$fGBP32.84$g0$hP$5Uk
=EST  \\$a2
=FFP  \\$aY$bBLDSS-3PM
=FIN  \\$aY
=FMT  \\$a  SE
=LAS  \\$a7764$b40$c20221007$lBLL01$h1317
=LEO  \\$aMP25.0000115852
=LEO  \\$aMP10.0000331362
=LKR  \\$aPAR$b011113895$lBLL01$nKidney international$mKidney international. Supplement$r772
=SRC  \\$aSRI01$bbibmp25.200404.2.aa
=SRC  \\$aDSS01$bbibmp10.200404.2.aa
=TCO  \\$aTRS$bCCC$c008
=TOC  \\$aETOC

