=LDR  03385cas a2200829   4500
=001  011115503
=003  Uk
=005  20191101114909.0
=008  741205c19639999ci\mx\p\\\\\\\0\\\b0hrv\\
=010  \\$a68049645
=019  c\$a2368743
=019  x\$a358378023X
=022  \\$a1331-0992$y0023-2920
=035  \\$a(OCoLC)1783326
=040  \\$aDLC$cDLC$dInU$dDLC$dInU$dCStRLIN$dUk
=042  \\$alc
=130  0\$aKolo (Zagreb, Croatia : 1963)
=245  10$aKolo.
=246  13$aKolo matice hrvatske
=260  \\$aZagreb :$bMatica hrvatska ,$c1963-
=300  \\$av. ;$c22 cm.
=310  \\$aMonthly (irregular)$b1966-
=321  \\$aTen no. a year,$b1963-65
=336  \\$atext$2rdacontent
=337  \\$aunmediated$2rdamedia
=338  \\$avolume$2rdacarrier
=362  0\$aNova serija, g. 1- siječ. 1963-
=500  \\$a"Časopis za književnost, umjetnost i kulturu."
=540  \\$aBritish Library not licensed to copy$c0$5Uk
=550  \\$aJournal of Matica hrvatska.
=710  2\$aMatica hrvatska.
=780  00$tHrvatsko kolo (Zagreb, Croatia : 1948)
=852  41$aBritish Library$bHMNTS$jAc.8967/17.$3Vol. 1, no. 1 (1963)-v. 9, no. 12 (1971)
=852  41$aBritish Library$bHMNTS$jP.P.4881.a$3Vol. 1, n. 1, (1963)-v. 32, n. 3, (2022)
=945  \\$aKOLO -ZAGREB-.
=979  \\$aBritish Library$bDSC$j5104.660000N
=985  \\$aRecord merged by DQ team
=985  \\$aISSN Croatia Centre on Portal regards a C/T as having taken place between 1991-1994 to the title "Kolo Matice hrvatske" [ISSN 0354-057X], followed by a reversion to Kolo (1995) ISSN 1331-0992. This BL record does not treat the 1991-1994 issues as a C/T.
=ACF  \\$aPrevious copyright fee: GBP5.00$c0$e01-jul-2002$fGBP5.00$g0$hC$5Uk
=ACF  \\$aCurrent copyright fee: GBP4.40$c0$e01-jul-1998$fGBP4.40$g0$hA$5Uk
=ACF  \\$aCurrent copyright fee: GBP4.20$c0$e01-apr-1997$fGBP4.20$g0$hA$5Uk
=CAT  \\$aCONV$b00$c20040425$lBLL90$h0705
=CAT  \\$aCONV$b00$c20040502$lBLL01$h1423
=CAT  \\$c20041010$lBLL01$h1918
=CAT  \\$a10039$b40$c20051027$lBLL01$h1227
=CAT  \\$a10039$b40$c20060126$lBLL01$h1431
=CAT  \\$a10039$b40$c20060126$lBLL01$h1432
=CAT  \\$a8874$b40$c20090928$lBLL01$h1450
=CAT  \\$a8874$b40$c20090928$lBLL01$h1451
=CAT  \\$a8874$b40$c20090928$lBLL01$h1513
=CAT  \\$aBATCH$b00$c20091210$lBLL01$h0430
=CAT  \\$aBATCH$b00$c20091214$lBLL01$h0630
=CAT  \\$aBATCH-UPD$b00$c20101201$lBLL01$h1236
=CAT  \\$aIPL-CLA$c20101231$lBLL01$h1409
=CAT  \\$aBATCH-UPD$b00$c20110907$lBLL01$h1816
=CAT  \\$aIPL-CLA$c20110908$lBLL01$h1731
=CAT  \\$aBATCH-CLA$b00$c20121107$lBLL01$h1910
=CAT  \\$aWR13.005$c20130323$lBLL01$h1415
=CAT  \\$a8483$b40$c20191101$lBLL01$h1119
=CAT  \\$a8483$b40$c20191101$lBLL01$h1121
=CAT  \\$a8483$b40$c20191101$lBLL01$h1149
=CFI  0\$aBritish Library not licensed to copy$c0$e07-sep-2011$hC$iTX$5Uk
=CFI  2\$aPrevious copyright fee: GBP10.50$c0$e01-jan-2011$fGBP10.50$g0$hA$5Uk
=FIN  \\$aY$d20051027
=FMT  \\$a  SE
=LAS  \\$a8483$b40$c20191101$lBLL01$h1149
=LEO  \\$aMP10.0000333651
=LEO  \\$aMP1.0004290454.2
=LKR  \\$aPAR$b009207140$lBLL01$r78000$mKolo (Zagreb, Croatia : 1963)$nHrvatsko kolo (Zagreb, Croatia)
=SRC  \\$aBLS01$bbibmp1.200404.2.ae
=SRC  \\$aDSS01$bbibmp10.200404.2.aa
=TCO  \\$aXXX$c008

