=LDR  03318cas a2200805 a 4500
=001  011117751
=003  Uk
=005  20130814091245.0
=007  ta
=008  040409c19379999cy\ar\\\\\\\\\0\\\g0gre\\
=019  c\$a2097992
=019  x\$a2363740335
=022  0\$a0081-1580$y1450-0299
=040  \\$aUk$cUk$dUk
=041  0\$agre$aeng$afre
=042  \\$aukblsr
=222  \0$aKupriakai spoudai
=245  00$6880-01$aKypriakai spoudai :$bdeltion tēs Hetaireias Kypriakōn Spoudōn.
=260  \\$6880-02$aEn Leukōsia, Kyprou :$bHetaireia Kypriakōn Spoudōn
=300  \\$av. :$bill. ;$c24 cm.
=310  \\$aAnnual
=336  \\$atext$2rdacontent
=337  \\$aunmediated$2rdamedia
=338  \\$avolume$2rdacarrier
=362  1\$aBegan in 1937.
=540  \\$aBritish Library not licensed to copy$c0$5Uk
=546  \\$aChiefly in Greek; some articles in English and French.
=555  \\$aT. 1-10 (1937-1946), in t. 10 (1946).
=588  \\$aLatest issue consulted: 2010.
=610  20$6880-03$aHetaireia Kypriakōn Spoudōn (Nicosia, Cyprus)$vPeriodicals.
=651  \0$aCyprus$vPeriodicals.
=710  2\$6880-04$aHetaireia Kypriakōn Spoudōn (Nicosia, Cyprus)
=852  41$aBritish Library$bHMNTS$jAc.22.c.$3Vol. 1 (1937)-
=880  00$6245-01/(S$aΚυπριακαι σπουδαι :$bδελτιον της Εταιρειας Κυπριακων Σπουδων.
=880  \\$6260-02/(S$aΕν Λευκωσια, Κυπρου :$bΕταιρεια Κυπριακων Σπουδωγ
=880  20$6610-03/(S$aΕταιρεια Κυπριακων Σπουδων (Nicosia, Cyprus)$vPeriodicals.
=880  2\$6710-04/(S$aΕταιρεια Κυπριακων Σπουδων (Nicosia, Cyprus)
=945  \\$aKYPRIAKAI SPOUDAI.
=963  \\$aVOL. 1, 1937- *A=1$bN$cP619.B.6
=979  \\$aBritish Library$bDSC$j5134.977000N
=985  \\$aRecord merged by DQ team
=985  \\$a2013 issue printing e-ISSN
=ACF  \\$aPrevious copyright fee: GBP5.00$c0$e01-jul-2002$fGBP5.00$g0$hC$5Uk
=ACF  \\$aCurrent copyright fee: GBP4.40$c0$e01-jul-1998$fGBP4.40$g0$hA$5Uk
=ACF  \\$aCurrent copyright fee: GBP4.20$c0$e01-apr-1997$fGBP4.20$g0$hA$5Uk
=CAT  \\$aCONV$b00$c20040425$lBLL90$h0705
=CAT  \\$aCONV$b00$c20040502$lBLL01$h1423
=CAT  \\$c20041010$lBLL01$h1919
=CAT  \\$a6550$b40$c20060309$lBLL01$h1623
=CAT  \\$a8197$b40$c20090212$lBLL01$h1322
=CAT  \\$aBATCH-UPD$b40$c20101201$lBLL01$h1236
=CAT  \\$aIPL-CLA$c20101231$lBLL01$h1410
=CAT  \\$a8874$b40$c20110812$lBLL01$h1011
=CAT  \\$aBATCH-UPD$b40$c20110907$lBLL01$h1816
=CAT  \\$aIPL-CLA$c20110908$lBLL01$h1731
=CAT  \\$aBATCH-CLA$b00$c20121107$lBLL01$h1910
=CAT  \\$aWR13.005$c20130323$lBLL01$h1416
=CAT  \\$a8124$b40$c20130814$lBLL01$h0912
=CAT  \\$aBATCH-UPD$b40$c20140326$lBLL01$h1642
=CAT  \\$aBATCH-UPD$b40$c20140404$lBLL01$h2135
=CFI  0\$aBritish Library not licensed to copy$c0$e07-sep-2011$hC$iTX$5Uk
=CFI  2\$aPrevious copyright fee: GBP10.50$c0$e01-jan-2011$fGBP10.50$g0$hA$5Uk
=FIN  \\$aY
=FMT  \\$a  SE
=LAS  \\$aBATCH-UPD$b40$c20140404$lBLL01$h2135
=LEO  \\$aMP10.0000336743
=LEO  \\$aMP1.0002822427
=SRC  \\$aBLS01$bbibmp1.200404.2.ad
=SRC  \\$aDSS01$bbibmp10.200404.2.aa
=TCO  \\$aXXX$c008

