=LDR  04192cas a2201009 a 4500
=001  011119595
=003  Uk
=005  20221231200532.0
=007  ta
=008  040409d19581965enkmr\p\\\\\\\0\\\a0eng\\
=019  c\$a2098651
=019  x\$a2531970096
=019  0\$as103865004
=022  0\$a0457-1487
=040  \\$aUk$cUk$dUk
=084  \\$aBF 38$2blsrissc
=130  0\$aLapis (London, England)
=245  10$aLapis :$bindustrial opportunities.
=260  \\$aLondon :$bKenneth Mason,$c1958-1965.
=300  \\$a81 v. ;$c23 cm.
=336  \\$atext$2rdacontent
=337  \\$aunmediated$2rdamedia
=338  \\$avolume$2rdacarrier
=362  0\$aNo. 1 (Oct. 1958)-no. 81 (June 1965).
=500  \\$aLists products and processes for manufacture under licence.
=540  \\$aCurrent Copyright Fee: GBP25.00$c0$5Uk
=580  \\$aMerged with: New products international, to form: Product licensing index.
=785  17$tNew products international
=785  17$tProduct licensing index
=852  41$aBritish Library$bHMNTS$jP.P.1425.aay.$3No. 1 (Oct. 1958) - no. 81 (June 1965)
=852  71$aBritish Library$bSTI$k(P)$hBF 38$m-E(5)$2blsrissc$3No. 21 (1960)-no. 81 (1965). ; Deficient: no.44, 45, 1962.
=852  41$aBritish Library$bDSC$j5155.850000
=945  \\$aLAPIS -LONDON-.
=959  \\$fHeld but not currently received
=963  \\$aNO. 1, 1958- 81, 1965 *A=1$bN$cL420.B.56
=985  \\$aRecord merged by DQ team
=985  \\$aTo complete ISSN (JG)
=A02  \\$a2098651
=ACF  \\$aPrevious copyright fee: GBP9.00$c0$e01-apr-2010$fGBP9.00$g0$hA$5Uk
=ACF  \\$aPrevious copyright fee: GBP6.00$c0$e01-apr-2008$fGBP6.00$g0$hA$5Uk
=ACF  \\$aPrevious copyright fee: GBP5.00$c0$e01-jul-2002$fGBP5.00$g0$hA$5Uk
=ACF  \\$aCurrent copyright fee: GBP4.40$c0$e01-jul-1998$fGBP4.40$g0$hA$5Uk
=ACF  \\$aCurrent copyright fee: GBP4.20$c0$e01-apr-1997$fGBP4.20$g0$hA$5Uk
=ACF  \\$aPrevious copyright fee: GBP10.50$c0$e01-jan-2011$fGBP10.50$g0$hA$5Uk
=ACF  \\$aPrevious copyright fee: GBP12.00$c0$e01-jan-2012$fGBP12.00$g0$hA$5Uk
=ACF  \\$aPrevious Copyright Fee: GBP12.30$c0$e01-jan-2014$fGBP12.30$g0$hA$5Uk
=ACF  \\$aPrevious Copyright Fee: GBP15.00$c0$e01-jan-2017$fGBP15.00$g0$hA$5Uk
=ACF  \\$aPrevious Copyright Fee: GBP17.50$c0$e01-jan-2018$fGBP17.50$g0$hA$5Uk
=ACF  \\$aPrevious Copyright Fee: GBP20.00$c0$e01-jan-2020$fGBP20.00$g0$hA$5Uk
=CAT  \\$aCONV$b00$c20040425$lBLL90$h0705
=CAT  \\$aBATCH$b00$c20100401$lBLL01$h1535
=CAT  \\$aBATCH-UPD$b00$c20101124$lBLL01$h1905
=CAT  \\$aBATCH-UPD$b00$c20101125$lBLL01$h1128
=CAT  \\$a8874$b40$c20101217$lBLL01$h1301
=CAT  \\$a8874$b40$c20101217$lBLL01$h1305
=CAT  \\$aIPL-CLA$c20101231$lBLL01$h1410
=CAT  \\$a8871$b40$c20111118$lBLL01$h1026
=CAT  \\$a8871$b40$c20111118$lBLL01$h1259
=CAT  \\$aWR11_203$c20111204$lBLL01$h1427
=CAT  \\$aIPL-CLA$c20111230$lBLL01$h1912
=CAT  \\$aBATCH-CLA$b00$c20121107$lBLL01$h1909
=CAT  \\$aWR13.005$c20130323$lBLL01$h1417
=CAT  \\$aBATCH-CLA$c20131219$lBLL01$h1835
=CAT  \\$aIPL-CLA$c20131231$lBLL01$h2159
=CAT  \\$aBATCH-CLA$b00$c20161222$lBLL01$h1741
=CAT  \\$aIPL-CLA$c20161230$lBLL01$h2005
=CAT  \\$aBATCH-CLA$b00$c20171222$lBLL01$h2049
=CAT  \\$aIPL-CLA$c20171231$lBLL01$h1534
=CAT  \\$aBATCH-CLA$b00$c20191219$lBLL01$h1708
=CAT  \\$aIPL-CLA$c20191231$lBLL01$h1843
=CAT  \\$aR2001-1524$c20200127$lBLL01$h1949
=CAT  \\$aBATCH-CLA$b00$c20201204$lBLL01$h1506
=CAT  \\$aIPL-CLA$c20201231$lBLL01$h2058
=CAT  \\$aBATCH-CLA$b00$c20221221$lBLL01$h1813
=CAT  \\$aIPL-CLA$c20221231$lBLL01$h2005
=CFI  0\$aCurrent Copyright Fee: GBP25.00$c0$e01-jan-2023$fGBP25.00$g0$hA$5Uk
=CFI  2\$aPrevious Copyright Fee: GBP22.50$c0$e01-jan-2021$fGBP22.50$g0$hA$5Uk
=FIN  \\$aY
=FMT  \\$a  SE
=LAS  \\$aIPL-CLA$b00$c20221231$lBLL01$h2005
=LEO  \\$aMP10.0000339278
=LEO  \\$aMP1.0003032589
=LEO  \\$aMP25.0000019533
=SRC  \\$aSRI01$bbibmp25.200404.2.aa
=SRC  \\$aBLS01$bbibmp1.200404.2.ad
=SRC  \\$aDSS01$bbibmp10.200404.2.aa
=TCO  \\$aCLA$bCLA$c008

