=LDR  05411cas a2201189 a 4500
=001  011121458
=003  Uk
=005  20221231200555.0
=007  ta
=008  841026d194920uugw\mr\p\\\s\\\0\\\b0ger\\
=019  c\$a2099277
=019  0\$as503369004
=022  0\$a0342-7641
=040  \\$aUk$cUk$dUk
=042  \\$aukblsr
=082  04$a338.47685$221
=084  \\$aEK 04$2blsrissc
=210  0\$aLeder- Häutemarkt
=222  \0$aLeder- und Häutemarkt
=245  00$aLeder und Häutemarkt.
=246  3\$aLeder & häute Markt
=260  \\$aFrankfurt am Main :$bUmschau-Verlag Breidenstein
=300  \\$av. :$bill. (some col.) ;$c30 cm.
=310  \\$aMonthly
=321  \\$aThree issues monthly
=336  \\$atext$2rdacontent
=337  \\$aunmediated$2rdamedia
=338  \\$avolume$2rdacarrier
=362  1\$aBegan in Sept. 1949.
=540  \\$aCurrent Copyright Fee: GBP25.00$c0$5Uk
=580  \\$aFrom Oct. 2004-<2014> published tête-bêche with French title: Industrie du cuir. From <2015> absorbed by Industrie du cuir.
=595  \\$aSEE ALSO CARD INDEX.
=650  \0$aLeather industry and trade$vPeriodicals.
=690  7\$aManagement and Business Studies$2blcoll
=710  2\$aVerein für Gerberei-Chemie und -Technik.
=777  1\$tIndustrie du cuir$x0980-1367
=780  05$tLeder$x0024-0176
=780  06$tLSL; Leder, Schuhe, Lederwaren$x0024-0192
=785  14$tIndustrie du cuir$x0980-1367
=852  41$aBritish Library$bDSC$j5181.010000
=852  71$aBritish Library$bSTI$k(P)$hEK 04$m-G(2)$2blsrissc$31980- ; Jahrg. 32- ; Deficient: Jahrg.36, Nr.19, 1984; Jahrg.40, Nr.2, 4, 1988; Jahrg.42, Nr.12, 1990; Jahrg.48, Nr.26, 1996
=945  \\$aLEDER UND HAUTEMARKT.
=959  \\$fHeld but not currently received
=985  \\$aFor issues after Oct. 2004 see "Industrie du cuir" (ISSN 0980-1367) system no. 009850168
=ACF  \\$aPrevious Copyright Fee: GBP8.57$c0$e01-jul-2009$fGBP8.57$g0$hC$5Uk
=ACF  \\$aPrevious Copyright Fee: GBP8.57$c0$e01-apr-2009$fGBP8.57$g0$hC$5Uk
=ACF  \\$aPrevious Copyright Fee: GBP7.50$c0$e01-jan-2009$fGBP7.50$g0$hC$5Uk
=ACF  \\$aPrevious Copyright Fee: GBP6.00$c0$e01-oct-2008$fGBP6.00$g0$hC$5Uk
=ACF  \\$aPrevious Copyright Fee: GBP6.00$c0$e01-jul-2008$fGBP6.00$g0$hC$5Uk
=ACF  \\$aPrevious Copyright Fee: GBP6.00$c0$e01-apr-2008$fGBP6.00$g0$hC$5Uk
=ACF  \\$aPrevious Copyright Fee: GBP6.00$c0$e01-jan-2008$fGBP6.00$g0$hC$5Uk
=ACF  \\$aPrevious Copyright Fee: GBP6.00$c0$e01-oct-2007$fGBP6.00$g0$hC$5Uk
=ACF  \\$aPrevious Copyright Fee: GBP6.00$c0$e01-jul-2007$fGBP6.00$g0$hC$5Uk
=ACF  \\$aPrevious Copyright Fee: GBP6.15$c0$e01-apr-2007$fGBP6.15$g0$hC$5Uk
=ACF  \\$aPrevious Copyright Fee: GBP6.49$c0$e01-jan-2007$fGBP6.49$g0$hC$5Uk
=ACF  \\$aPrevious Copyright Fee: GBP6.49$c0$e01-oct-2006$fGBP6.49$g0$hC$5Uk
=ACF  \\$aPrevious Copyright Fee: GBP6.86$c0$e01-jul-2006$fGBP6.86$g0$hC$5Uk
=ACF  \\$aPrevious copyright fee: GBP5.00$c0$e01-jul-2002$fGBP5.00$g0$hA$5Uk
=ACF  \\$aCurrent copyright fee: GBP4.40$c0$e01-jul-1998$fGBP4.40$g0$hA$5Uk
=ACF  \\$aCurrent copyright fee: GBP4.20$c0$e01-apr-1997$fGBP4.20$g0$hA$5Uk
=ACF  \\$aPrevious copyright fee: GBP10.50$c0$e01-jan-2011$fGBP10.50$g0$hA$5Uk
=ACF  \\$aPrevious copyright fee: GBP12.00$c0$e01-jan-2012$fGBP12.00$g0$hA$5Uk
=ACF  \\$aPrevious Copyright Fee: GBP12.30$c0$e01-jan-2014$fGBP12.30$g0$hA$5Uk
=ACF  \\$aPrevious Copyright Fee: GBP15.00$c0$e01-jan-2017$fGBP15.00$g0$hA$5Uk
=ACF  \\$aPrevious Copyright Fee: GBP17.50$c0$e01-jan-2018$fGBP17.50$g0$hA$5Uk
=ACF  \\$aPrevious Copyright Fee: GBP20.00$c0$e01-jan-2020$fGBP20.00$g0$hA$5Uk
=CAT  \\$aCONV$b00$c20040425$lBLL90$h0705
=CAT  \\$aBATCH$b00$c20090619$lBLL01$h1842
=CAT  \\$aBATCH-UPD$b00$c20090701$lBLL01$h2002
=CAT  \\$aBATCH-UPD$b00$c20090701$lBLL01$h2036
=CAT  \\$aBATCH$b00$c20090701$lBLL01$h2057
=CAT  \\$aBATCH-UPD$b00$c20101201$lBLL01$h1237
=CAT  \\$aIPL-CLA$c20101231$lBLL01$h1411
=CAT  \\$aWR11_203$c20111204$lBLL01$h1427
=CAT  \\$aIPL-CLA$c20111230$lBLL01$h1913
=CAT  \\$aBATCH-CLA$b00$c20121107$lBLL01$h1909
=CAT  \\$aWR13.005$c20130323$lBLL01$h1418
=CAT  \\$aBATCH-CLA$c20131219$lBLL01$h1835
=CAT  \\$aIPL-CLA$c20131231$lBLL01$h2159
=CAT  \\$aBATCH-CLA$b00$c20161222$lBLL01$h1742
=CAT  \\$aIPL-CLA$c20161230$lBLL01$h2005
=CAT  \\$a8124$b40$c20170314$lBLL01$h1005
=CAT  \\$a8124$b40$c20170314$lBLL01$h1015
=CAT  \\$aBATCH-CLA$b00$c20171222$lBLL01$h2049
=CAT  \\$aIPL-CLA$c20171231$lBLL01$h1534
=CAT  \\$aBATCH-CLA$b00$c20191219$lBLL01$h1708
=CAT  \\$aIPL-CLA$c20191231$lBLL01$h1843
=CAT  \\$aR2001-1524$c20200127$lBLL01$h1949
=CAT  \\$aBATCH-CLA$b00$c20201204$lBLL01$h1507
=CAT  \\$aIPL-CLA$c20201231$lBLL01$h2058
=CAT  \\$aBATCH-CLA$b00$c20221221$lBLL01$h1813
=CAT  \\$aIPL-CLA$c20221231$lBLL01$h2005
=CFI  0\$aCurrent Copyright Fee: GBP25.00$c0$e01-jan-2023$fGBP25.00$g0$hA$5Uk
=CFI  2\$aPrevious Copyright Fee: GBP22.50$c0$e01-jan-2021$fGBP22.50$g0$hA$5Uk
=FIN  \\$aY
=FMT  \\$a  SE
=LAS  \\$aIPL-CLA$b00$c20221231$lBLL01$h2005
=LEO  \\$aMP25.0000193851
=LEO  \\$aMP10.0000341842
=SRC  \\$aSRI01$bbibmp25.200404.2.aa
=SRC  \\$aDSS01$bbibmp10.200404.2.aa
=TCO  \\$aDEU$bVG WORT$c008

