=LDR  03676cas a2200901ua 4500
=001  011130435
=003  Uk
=005  20221231144128.0
=007  ta
=008  040409c19uu9999it\mr\p\\\\\\\0\\\b0ita\\
=019  c\$a2246710
=022  0\$a0394-3453
=040  \\$aUk$cUk$dUk
=082  \\$a338.476684$222$qUK-WkNB
=222  \0$aMacplas$b(Assago)
=245  00$aMacplas.
=246  3\$aMacplas & Elastica
=260  \\$aMilano :$bPromaplast
=310  \\$aBimonthly
=336  \\$atext$2rdacontent
=337  \\$aunmediated$2rdamedia
=338  \\$avolume$2rdacarrier
=540  \\$aCurrent Copyright Fee: GBP25.00$c0$5Uk
=595  \\$aSEE ALSO CARD INDEX.
=650  \0$aPlastics$vPeriodicals.
=650  \0$aPlastics industry and trade$vPeriodicals.
=650  \0$aRubber industry and trade$vPeriodicals.
=690  7\$aManagement and Business Studies$2blcoll
=852  41$aBritish Library$bDSC$j5330.393700$3A. 9, no. 55 (1984)-
=945  \\$aMacplas.
=959  \\$fCurrently received
=985  \\$aCorrected by MS generated file for WR# 12.018
=985  \\$aAddition of '... & Elastica' has been investigated by Richard (Leeds) - queried with ISSN Italy - no response - treated as variant title for now (Richard, 01/05/19)
=A02  \\$a2246710
=ACF  \\$aPrevious copyright fee: GBP5.00$c0$e01-jul-2002$fGBP5.00$g0$hC$5Uk
=ACF  \\$aCurrent copyright fee: GBP2.50$c0$e01-jul-1998$fGBP2.50$g0$hC$5Uk
=ACF  \\$aCurrent copyright fee: GBP2.30$c0$e01-jul-1997$fGBP2.30$g0$hC$5Uk
=ACF  \\$aPrevious copyright fee: GBP10.50$c0$e01-jan-2011$fGBP10.50$g0$hA$5Uk
=ACF  \\$aPrevious copyright fee: GBP12.00$c0$e01-jan-2012$fGBP12.00$g0$hA$5Uk
=ACF  \\$aPrevious Copyright Fee: GBP12.30$c0$e01-jan-2014$fGBP12.30$g0$hA$5Uk
=ACF  \\$aPrevious Copyright Fee: GBP15.00$c0$e01-jan-2017$fGBP15.00$g0$hA$5Uk
=ACF  \\$aPrevious Copyright Fee: GBP17.50$c0$e01-jan-2018$fGBP17.50$g0$hA$5Uk
=ACF  \\$aPrevious Copyright Fee: GBP20.00$c0$e01-jan-2020$fGBP20.00$g0$hA$5Uk
=CAT  \\$aCONV$b00$c20040425$lBLL90$h0706
=CAT  \\$aBATCH-UPD$b00$c20101201$lBLL01$h1237
=CAT  \\$aIPL-CLA$c20101231$lBLL01$h1414
=CAT  \\$aWR11_203$c20111204$lBLL01$h1429
=CAT  \\$aIPL-CLA$c20111230$lBLL01$h1916
=CAT  \\$aBLSS-CORR$b00$c20120724$lBLL01$h1758
=CAT  \\$aBATCH-MBS$c20120727$lBLL01$h2105
=CAT  \\$aBATCH-CLA$b00$c20121107$lBLL01$h1907
=CAT  \\$a6537$b40$c20130222$lBLL01$h1008
=CAT  \\$aWR13.005$c20130323$lBLL01$h1422
=CAT  \\$aBATCH-CLA$c20131219$lBLL01$h1838
=CAT  \\$aIPL-CLA$c20131231$lBLL01$h2204
=CAT  \\$aBATCH-CLA$b00$c20161222$lBLL01$h1743
=CAT  \\$aIPL-CLA$c20161230$lBLL01$h2008
=CAT  \\$a5410$b40$c20170929$lBLL01$h0834
=CAT  \\$aBATCH-CLA$b00$c20171222$lBLL01$h2051
=CAT  \\$aIPL-CLA$c20171231$lBLL01$h1536
=CAT  \\$a10806$b40$c20190501$lBLL01$h1111
=CAT  \\$a10806$b40$c20190501$lBLL01$h1123
=CAT  \\$aBATCH-CLA$b00$c20191219$lBLL01$h1709
=CAT  \\$aIPL-CLA$c20191231$lBLL01$h1845
=CAT  \\$aR2001-1524$c20200127$lBLL01$h1950
=CAT  \\$aBATCH-CLA$b00$c20201204$lBLL01$h1508
=CAT  \\$aIPL-CLA$c20201231$lBLL01$h1525
=CAT  \\$aBATCH-CLA$b00$c20221221$lBLL01$h1814
=CAT  \\$aIPL-CLA$c20221231$lBLL01$h1441
=CFI  0\$aCurrent Copyright Fee: GBP25.00$c0$e01-jan-2023$fGBP25.00$g0$hA$5Uk
=CFI  2\$aPrevious Copyright Fee: GBP22.50$c0$e01-jan-2021$fGBP22.50$g0$hA$5Uk
=FIN  \\$aY
=FMT  \\$a  SE
=LAS  \\$aIPL-CLA$b00$c20221231$lBLL01$h1441
=LEO  \\$aMP10.0000353693
=SRC  \\$aDSS01$bbibmp10.200404.2.aa
=TCO  \\$aITA$bAIDRO / SIAE$c008
=TOC  \\$aETOC

