=LDR  06407cas a2201357 a 4500
=001  011135902
=003  Uk
=005  20211231154003.0
=007  ta
=008  820119c19469999fr\br\p\\\\\\\0\\\b0fre\\
=019  0\$as201726009
=019  c\$a2168214
=022  0\$a0040-5957
=040  \\$aUk$cUk$dUk
=082  04$a615.1$221
=084  \\$aHE 15$2blsrissc
=084  \\$aEJ 16$2blsrissc
=222  \0$aThérapie$b(Paris)
=245  00$aThérapie :$brevue de thérapeutique et de pharmacologie clinique.
=246  1\$iMinor title change:$aTherapies$fvol. 74, no. 1 (fev. 2019)-
=264  \1$aParis :$bDoin,$c[1946]-
=264  21$31995-2001$aEastleigh :$bJohn Libbey
=264  21$32002-2005$aChester :$bAdis International
=264  21$32006-2015$aLes Ulis :$bEDP sciences
=264  31$32016-$aIssy-les-Moulineaux :$bElsevier Masson SAS
=300  \\$billustrations (black and white, and colour) ;$c28 cm
=310  \\$aBimonthly
=336  \\$atext$2rdacontent
=337  \\$aunmediated$2rdamedia
=338  \\$avolume$2rdacarrier
=362  1\$aBegan in 1946.
=540  \\$aCurrent copyright fee: GBP34.30$c5\1$5Uk
=550  \\$aPublished for the Société française de thérapeutique et de pharmacodynamie.
=550  \\$aPublished for the Société française de pharmacologie et de thérapeutique.
=588  \\$aLatest issue consulted: volume 74, no. 3 (June 2019).
=595  \\$aFORMERLY 2853.631N SEE ALSO CARD INDEX.
=650  \0$aClinical pharmacology$vPeriodicals.
=650  \0$aTherapeutics$vPeriodicals.
=710  2\$aSociété française de thérapeutique et de pharmacologie clinique.
=710  2\$aSociété française de pharmacologie et de thérapeutique,$eissuing body.
=776  0\$tThérapie$c(En ligne)$x1958-5578
=780  00$tBulletin de la Société de thérapeutique$x1153-3668
=852  41$aBritish Library$bDSC$j8814.750000$3Vol. 1 (1946)-
=852  71$aBritish Library$bSTI$k(P)$hHE 15$m-F(1)$2blsrissc$3T. 20 (1965)-v. 64, no. 6 (2009)
=856  \\$31850-9999$uhttp://www.sciencedirect.com/$xBLDSS
=945  \\$aTHERAPIE -PARIS-
=959  \\$fCurrently received
=968  \\$aC
=985  \\$aResponsbility for ISSN transferred to ISSN France from ISSN UK Centre, 30/11/07.
=985  \\$aCONFERENCE ANALYTIC RECORDS EXIST
=985  \\$aCorrected by MS generated file for WR# 1805-0738
=A02  \\$a2168214
=ACF  \\$aPrevious Copyright Fee: GBP23.00$c0$e01-apr-2012$fGBP23.00$g0$hC$5Uk
=ACF  \\$aPrevious Copyright Fee: GBP23.00$c0$e01-jan-2012$fGBP23.00$g0$hC$5Uk
=ACF  \\$aPrevious Copyright Fee: GBP23.00$c0$e01-oct-2011$fGBP23.00$g0$hC$5Uk
=ACF  \\$aPrevious Copyright Fee: GBP23.00$c0$e01-jul-2011$fGBP23.00$g0$hC$5Uk
=ACF  \\$aPrevious Copyright Fee: GBP23.00$c0$e01-apr-2011$fGBP23.00$g0$hC$5Uk
=ACF  \\$aPrevious copyright fee: GBP23.00$c0$e25-feb-2011$fGBP23.00$g0$hC$5Uk
=ACF  \\$aCurrent copyright fee: GBP10.50$c0$e11-feb-2011$fGBP10.50$g0$hA$5Uk
=ACF  \\$aPrevious copyright fee: GBP30.97$c21\0$e01-jul-2010$fGBP30.97$g0$hP$5Uk
=ACF  \\$aPrevious copyright fee: GBP29.00$c21\0$e01-oct-2009$fGBP29.00$g0$hP$5Uk
=ACF  \\$aPrevious copyright fee: GBP34.29$c21\0$e01-apr-2009$fGBP34.29$g0$hP$5Uk
=ACF  \\$aPrevious copyright fee: GBP30.00$c21\0$e01-jan-2009$fGBP30.00$g0$hP$5Uk
=ACF  \\$aPrevious copyright fee: GBP24.00$c21\0$e01-jan-2008$fGBP24.00$g0$hP$5Uk
=ACF  \\$aPrevious copyright fee: GBP22.48$c21\0$e01-jul-2007$fGBP22.48$g0$hP$5Uk
=ACF  \\$aPrevious copyright fee: GBP23.05$c21\0$e01-apr-2007$fGBP23.05$g0$hP$5Uk
=ACF  \\$aPrevious Copyright Fee: GBP24.30$c21\0$e01-jan-2007$fGBP24.30$g0$hP$5Uk
=ACF  \\$aPrevious copyright fee: GBP18.90$c21\0$e01-apr-2005$fGBP18.90$g0$hP$5Uk
=ACF  \\$aPrevious copyright fee: GBP19.42$c21\0$e01-jan-2005$fGBP19.42$g0$hP$5Uk
=ACF  \\$aPrevious Copyright Fee: GBP4.32$c0$e01-oct-2004$fGBP4.32$g0$hC$5Uk
=ACF  \\$aPrevious copyright fee: GBP4.32$c0$e01-apr-2004$fGBP4.32$g0$hC$5Uk
=ACF  \\$aCurrent copyright fee: GBP1.18$c0$e01-jan-2004$fGBP1.18$g0$hC$5Uk
=ACF  \\$aCurrent copyright fee: GBP1.25$c0$e01-jan-2003$fGBP1.25$g0$hC$5Uk
=ACF  \\$aPrevious Copyright Fee: GBP42.50$c0$e01-jul-2012$fGBP42.50$g0$hC$5Uk
=ACF  \\$aPrevious Copyright Fee: GBP34.95$c0$e01-jan-2013$fGBP34.95$g0$hC$5Uk
=ACF  \\$aPrevious Copyright Fee: GBP42.50$c0$e01-oct-2012$fGBP42.50$g0$hC$5Uk
=ACF  \\$aPrevious Copyright Fee: GBP22.50$c5\1$e21-mar-2017$fGBP22.50$g0$hP$5Uk
=ACF  \\$aPrevious copyright fee: GBP23.40$c5\1$e01-jan-2018$fGBP23.40$g0$hP$5Uk
=CAT  \\$aCONV$b00$c20040425$lBLL90$h0711
=CAT  \\$aIPL-CLA$c20120330$lBLL01$h1421
=CAT  \\$aBATCH-CLA$b00$c20120531$lBLL01$h1703
=CAT  \\$aBATCH-UPD$b00$c20120614$lBLL01$h2139
=CAT  \\$aIPL-CLA$c20120629$lBLL01$h1019
=CAT  \\$aBATCH-CLA$b00$c20120831$lBLL01$h1538
=CAT  \\$aIPL-CLA$c20120930$lBLL01$h2054
=CAT  \\$aBATCH-CLA$b00$c20121108$lBLL01$h1740
=CAT  \\$aBATCH-CLA$b00$c20121130$lBLL01$h1243
=CAT  \\$aWR12_168$c20121206$lBLL01$h1835
=CAT  \\$aIPL-CLA$c20121231$lBLL01$h1301
=CAT  \\$aIPL-CLA$c20130102$lBLL01$h1714
=CAT  \\$aWR13.005$c20130323$lBLL01$h1442
=CAT  \\$a6162$b40$c20131001$lBLL01$h1631
=CAT  \\$a5552$b40$c20170321$lBLL01$h0849
=CAT  \\$aBLDSS-3PM$b00$c20170327$lBLL01$h1425
=CAT  \\$aBATCH-UPD$b00$c20170327$lBLL01$h1426
=CAT  \\$aBATCH-UPD$b00$c20171121$lBLL01$h1741
=CAT  \\$aIPL-CLA$c20171231$lBLL01$h1538
=CAT  \\$a1805-0738$c20181228$lBLL01$h1759
=CAT  \\$a1805-0738$b00$c20181228$lBLL01$h1853
=CAT  \\$aBATCH-UPD$b00$c20190521$lBLL01$h1433
=CAT  \\$aIPL-CLA$c20190630$lBLL01$h1529
=CAT  \\$a11315$b40$c20190711$lBLL01$h1126
=CAT  \\$aBATCH-UPD$b40$c20211119$lBLL01$h1551
=CAT  \\$aIPL-CLA$c20211231$lBLL01$h1540
=CFI  0\$aCurrent copyright fee: GBP34.30$c5\1$e01-jan-2022$fGBP34.30$g0$hP$5Uk
=CFI  2\$aPrevious copyright fee: GBP32.84$c5\1$e01-jul-2019$fGBP32.84$g0$hP$5Uk
=FFP  \\$aY$bBLDSS-3PM
=FIN  \\$aY
=FMT  \\$a  SE
=LAS  \\$aIPL-CLA$b00$c20211231$lBLL01$h1540
=LEO  \\$aMP10.0000576006
=LEO  \\$aMP25.0000074362
=SRC  \\$aSRI01$bbibmp25.200404.2.aa
=SRC  \\$aDSS01$bbibmp10.200404.2.aa
=TCO  \\$aFRA$bCFC$c008
=TOC  \\$aETOC

