=LDR  03704cas a22009137a 4500
=001  011138218
=003  Uk
=005  20220107095506.0
=007  ta
=008  040410d19411951nyumr\p\\\\\\\0\\\a0eng\\
=019  c\$a2372193
=019  x\$a2541240260
=022  \\$a0495-8330
=040  \\$aUk$cUk$dUk
=130  0\$aTomorrow (1941)
=245  10$aTomorrow.
=260  \\$a[New York,$bGarrett Publications, etc.]
=300  \\$a10 v.$bill.$c29 cm.
=310  \\$aMonthly
=336  \\$atext$2rdacontent
=337  \\$aunmediated$2rdamedia
=338  \\$avolume$2rdacarrier
=362  0\$av. 1-10; Sept. 1941-Aug. 1951.
=500  \\$aEdited by E.J. Garrett.
=540  \\$aBritish Library not licensed to copy$c0$5Uk
=595  \\$aCONTD AS 8863.73946N SEE ALSO CARD INDEX.
=655  \4$aPeriodical publications.- New York
=700  1\$aGarrett, Eileen J.$q(Eileen Jeanette),$d1893-1970.
=785  00$tTomorrow (1952)
=852  41$aBritish Library$bHMNTS$jP.P.6392.mah.$3Vol. 5. no. 9, 10; vol. 7. no. 5, 7, 10, 11; vol. 8. no. 1-3; vol. 8. no. 5-vol. 9. no. 12; vol. 10. no. 2-4. May, June 1946; Jan., March, June, July, Sept.-Nov. 1948; Jan. 1949-Aug. 1950; Oct.-Dec. 1950
=945  \\$aTOMORROW -NEW YORK-.
=979  \\$aBritish Library$bDSC$j8863.739450N
=985  \\$aRecord merged by DQ team
=985  \\$aSEE SEPARATE ISSN ONLY RECORD (Aleph 20439799) - DO NOT CODE THIS RECORD FOR ISSN UK
=A02  \\$a2372193
=ACF  \\$aPrevious copyright fee: GBP9.00$c0$e01-apr-2010$fGBP9.00$g0$hA$5Uk
=ACF  \\$aPrevious copyright fee: GBP6.00$c0$e01-apr-2008$fGBP6.00$g0$hA$5Uk
=ACF  \\$aPrevious copyright fee: GBP5.00$c0$e01-jul-2002$fGBP5.00$g0$hA$5Uk
=ACF  \\$aCurrent copyright fee: GBP4.40$c0$e01-jul-1998$fGBP4.40$g0$hA$5Uk
=ACF  \\$aCurrent copyright fee: GBP4.20$c0$e01-apr-1997$fGBP4.20$g0$hA$5Uk
=CAT  \\$aCONV$b00$c20040425$lBLL90$h0711
=CAT  \\$aCONV$b00$c20040502$lBLL01$h1424
=CAT  \\$c20041010$lBLL01$h1930
=CAT  \\$a8456$b40$c20050804$lBLL01$h1458
=CAT  \\$a8456$b40$c20050804$lBLL01$h1508
=CAT  \\$aBATCH-UPD$b40$c20080223$lBLL01$h2228
=CAT  \\$aBATCH-UPD$b40$c20080226$lBLL01$h0146
=CAT  \\$aBATCH-UPD$b40$c20080330$lBLL01$h0615
=CAT  \\$aBATCH-UPD$b40$c20080330$lBLL01$h1432
=CAT  \\$aBATCH$b00$c20080330$lBLL01$h2145
=CAT  \\$aBATCH-UPD$b00$c20080823$lBLL01$h1836
=CAT  \\$aBATCH-UPD$b00$c20100226$lBLL01$h0054
=CAT  \\$aBATCH-UPD$b00$c20100331$lBLL01$h2244
=CAT  \\$aBATCH-UPD$b00$c20100401$lBLL01$h0213
=CAT  \\$aBATCH$b00$c20100401$lBLL01$h0514
=CAT  \\$aBATCH$b00$c20100401$lBLL01$h1540
=CAT  \\$aBATCH-UPD$b00$c20101124$lBLL01$h1910
=CAT  \\$aBATCH-UPD$b00$c20101125$lBLL01$h1135
=CAT  \\$aIPL-CLA$c20101231$lBLL01$h1417
=CAT  \\$aBATCH-UPD$b00$c20110907$lBLL01$h1817
=CAT  \\$aIPL-CLA$c20110908$lBLL01$h1732
=CAT  \\$aBATCH-CLA$b00$c20121108$lBLL01$h1740
=CAT  \\$aWR13.005$c20130323$lBLL01$h1443
=CAT  \\$a10806$b40$c20220107$lBLL01$h0947
=CAT  \\$a10806$b40$c20220107$lBLL01$h0948
=CAT  \\$a10806$b40$c20220107$lBLL01$h0950
=CAT  \\$a10806$b40$c20220107$lBLL01$h0952
=CAT  \\$a10806$b40$c20220107$lBLL01$h0953
=CAT  \\$a10806$b40$c20220107$lBLL01$h0955
=CFI  0\$aBritish Library not licensed to copy$c0$e07-sep-2011$hC$iTX$5Uk
=CFI  2\$aPrevious copyright fee: GBP10.50$c0$e01-jan-2011$fGBP10.50$g0$hA$5Uk
=FIN  \\$aY
=FMT  \\$a  SE
=LAS  \\$a10806$b40$c20220107$lBLL01$h0955
=LEO  \\$aMP1.0003045707
=LEO  \\$aMP10.0000579420
=SRC  \\$aBLS01$bbibmp1.200404.2.ad
=SRC  \\$aDSS01$bbibmp10.200404.2.aa
=TCO  \\$aTRS$bCCC$c008

