=LDR  04563cas a2201033 a 4500
=001  011138219
=003  Uk
=005  20221231200858.0
=007  ta
=008  040410d19521966enkqr\p\\\\\\\0\\\a0eng\\
=019  c\$a2372194
=019  x\$a2541240279
=022  \\$a0495-8330
=040  \\$aUk$cUk$dUk
=082  0\$a133.072
=130  0\$aTomorrow (1952)
=222  \0$aTomorrow
=245  10$aTomorrow.
=260  \\$a[Bedfont, Eng., etc.,$bTomorrow Publications, etc.]
=300  \\$a14 v.$bill.$c19-25 cm.
=336  \\$atext$2rdacontent
=337  \\$aunmediated$2rdamedia
=338  \\$avolume$2rdacarrier
=362  0\$av. 1-14; autumn 1952-autumn 1966.
=500  \\$aEditor: 1952-62, E.J. Garrett.
=540  \\$aCurrent Copyright Fee: GBP25.00$c0$5Uk
=550  \\$aImprint varies: autumn 1952-winter 1961, New York, Garrett Publications; spring 1961-summer 1962, New York, Parapsychology Foundation; autumn 1962-autumn 1966, London (summer-autumn 1966, Bedfont, Eng.) Tomorrow Publications.
=580  \\$aSupersedes an earlier publication with the same title, issued 1941-51.
=580  \\$aContinued as: Studies in comparative religion.
=595  \\$aFORMERLY 8863.73945N.
=650  \0$aParapsychology$vPeriodicals.
=655  \4$aPeriodical publications.- New York
=700  1\$aGarrett, Eileen J.$q(Eileen Jeanette),$d1893-1970.
=780  00$tTomorrow (1941)
=785  02$tStudies in comparative religion$x0039-3622
=852  41$aBritish Library$bHMNTS$jP.P.636.cra.$3vol. 1, no. 1-vol. 14, no. 4. Autumn 1952-Autumn 1966; Wanting: vol. 10, no 2-vol. 11, no. 1; vol. 13, no. 1.
=945  \\$aTOMORROW -NEW YORK THEN LONDON-.
=979  \\$aBritish Library$bDSC$j8863.739460N
=985  \\$aRecord merged by DQ team
=985  \\$aSEE SEPARATE ISSN ONLY RECORD (Aleph 20439799) - DO NOT CODE THIS RECORD FOR ISSN UK
=A02  \\$a2372194
=ACF  \\$aPrevious copyright fee: GBP9.00$c0$e01-apr-2010$fGBP9.00$g0$hA$5Uk
=ACF  \\$aPrevious copyright fee: GBP6.00$c0$e01-apr-2008$fGBP6.00$g0$hA$5Uk
=ACF  \\$aPrevious copyright fee: GBP5.00$c0$e01-jul-2002$fGBP5.00$g0$hA$5Uk
=ACF  \\$aCurrent copyright fee: GBP4.40$c0$e01-jul-1998$fGBP4.40$g0$hA$5Uk
=ACF  \\$aCurrent copyright fee: GBP4.20$c0$e01-apr-1997$fGBP4.20$g0$hA$5Uk
=ACF  \\$aPrevious copyright fee: GBP10.50$c0$e01-jan-2011$fGBP10.50$g0$hA$5Uk
=ACF  \\$aPrevious copyright fee: GBP12.00$c0$e01-jan-2012$fGBP12.00$g0$hA$5Uk
=ACF  \\$aPrevious Copyright Fee: GBP12.30$c0$e01-jan-2014$fGBP12.30$g0$hA$5Uk
=ACF  \\$aPrevious Copyright Fee: GBP15.00$c0$e01-jan-2017$fGBP15.00$g0$hA$5Uk
=ACF  \\$aPrevious Copyright Fee: GBP17.50$c0$e01-jan-2018$fGBP17.50$g0$hA$5Uk
=ACF  \\$aPrevious Copyright Fee: GBP20.00$c0$e01-jan-2020$fGBP20.00$g0$hA$5Uk
=CAT  \\$aCONV$b00$c20040425$lBLL90$h0711
=CAT  \\$aBATCH$b00$c20100401$lBLL01$h0514
=CAT  \\$aBATCH$b00$c20100401$lBLL01$h1540
=CAT  \\$aBATCH-UPD$b00$c20101124$lBLL01$h1910
=CAT  \\$aBATCH-UPD$b00$c20101125$lBLL01$h1135
=CAT  \\$aIPL-CLA$c20101231$lBLL01$h1417
=CAT  \\$aWR11_203$c20111204$lBLL01$h1431
=CAT  \\$aIPL-CLA$c20111230$lBLL01$h1920
=CAT  \\$aBATCH-CLA$b00$c20121108$lBLL01$h1740
=CAT  \\$aWR13.005$c20130323$lBLL01$h1443
=CAT  \\$aBATCH-CLA$c20131219$lBLL01$h1841
=CAT  \\$aIPL-CLA$c20131231$lBLL01$h2208
=CAT  \\$aBATCH-CLA$b00$c20161222$lBLL01$h1744
=CAT  \\$aIPL-CLA$c20161230$lBLL01$h2010
=CAT  \\$aBATCH-CLA$b00$c20171222$lBLL01$h2052
=CAT  \\$aIPL-CLA$c20171231$lBLL01$h1538
=CAT  \\$aBATCH-CLA$b00$c20191219$lBLL01$h1710
=CAT  \\$aIPL-CLA$c20191231$lBLL01$h1847
=CAT  \\$aR2001-1524$c20200127$lBLL01$h1950
=CAT  \\$aBATCH-CLA$b00$c20201204$lBLL01$h1509
=CAT  \\$aIPL-CLA$c20201231$lBLL01$h2102
=CAT  \\$a10806$b40$c20220107$lBLL01$h0952
=CAT  \\$a10806$b40$c20220107$lBLL01$h0953
=CAT  \\$a10806$b40$c20220107$lBLL01$h0954
=CAT  \\$aBATCH-CLA$b00$c20221221$lBLL01$h1815
=CAT  \\$aIPL-CLA$c20221231$lBLL01$h2008
=CFI  0\$aCurrent Copyright Fee: GBP25.00$c0$e01-jan-2023$fGBP25.00$g0$hA$5Uk
=CFI  2\$aPrevious Copyright Fee: GBP22.50$c0$e01-jan-2021$fGBP22.50$g0$hA$5Uk
=FIN  \\$aY
=FMT  \\$a  SE
=LAS  \\$aIPL-CLA$b00$c20221231$lBLL01$h2008
=LEO  \\$aMP1.0003045708
=LEO  \\$aMP10.0000579421
=LKR  \\$aPAR$b011138218$lBLL01$r78002$mTomorrow$nTomorrow.
=SRC  \\$aBLS01$bbibmp1.200404.2.ad
=SRC  \\$aDSS01$bbibmp10.200404.2.aa
=TCO  \\$aCLA$bCLA$c008

