=LDR  08887cas a2201669ua 4500
=001  011140439
=003  Uk
=005  20220930142529.0
=007  ta
=008  040410c19789999nyumr\p\\\\\\\0\\\a0eng\\
=019  c\$a2169848
=019  0\$as103282017
=022  0\$a0021-8936
=040  \\$aUk$beng$cUk$dUk
=042  \\$aukblsr
=082  04$a620.1$222
=210  0\$aJ. appl. mech.
=222  \0$aJournal of applied mechanics
=245  00$aTransactions of the ASME.$pJournal of applied mechanics.
=246  1\$iAlso known as:$aJournal of applied mechanics
=260  \\$aNew York :$bAmerican Society of Mechanical Engineers,$c[1978]-
=300  \\$av. :$bill. ;$c29 cm.
=310  \\$aMonthly,$b2014-
=321  \\$aBimonthly,$b2001-2013
=321  \\$aQuarterly,$b1978-2000
=336  \\$atext$2rdacontent
=337  \\$aunmediated$2rdamedia
=338  \\$avolume$2rdacarrier
=362  1\$aBegan in 1978.
=540  \\$aCurrent copyright fee: GBP25.00$c123\0$5Uk
=595  \\$aFORMERLY 8897.300 UP TO VOL. 44(4), 1977 SEE ALSO SERIAL RECORDS KCS/SE.
=650  \0$aMechanics, Applied$vPeriodicals.
=710  2\$aAmerican Society of Mechanical Engineers.
=776  08$iAlso issued online as:$tTransactions of the ASME. Journal of applied mechanics$x1528-9036
=780  00$tTransactions of the ASME. Series E, Journal of applied mechanics
=852  71$aBritish Library$bSTI$k(P)$hST 00$m-E(14)$2blsrissc$3Vol. 45 (1978)-v. 83, no. 12 (2016)***UKRR Retained Title***Stock incomplete. Deficient: Vol.63, no.3 (1996)
=852  41$aBritish Library$bDSC$j8896.680000$3Vol. 45, no. 1 (1978)-v. 83, no. 12 (2016)***UKRR Retained Title
=856  \\$31850-9999$uhttps://www.asme.org/$xBLDSS
=945  \\$aTransactions- American Society of Mechanical Engineers Journal of applied mechanics.
=959  \\$fHeld but not currently received
=963  \\$aVOL. 26, 1959- *A=1$bY$cP429.B.176
=964  \\$aVOL. 45, 1978- *A=1$cTN5$dQ$e62/69
=985  \\$aCONFERENCE ANALYTIC RECORDS EXIST
=985  \\$aCorrected by MS generated file for WR# 12.018
=985  \\$aRecord merged by DQ team
=985  \\$aUnable to reconcile local Document Supply title history with ISSN history of title.
=A02  \\$a2169848
=ACF  \\$aPrevious Copyright Fee: GBP20.65$c0$e01-apr-2012$fGBP20.65$g0$hC$5Uk
=ACF  \\$aPrevious Copyright Fee: GBP19.20$c0$e01-jan-2012$fGBP19.20$g0$hC$5Uk
=ACF  \\$aPrevious Copyright Fee: GBP19.20$c0$e01-oct-2011$fGBP19.20$g0$hC$5Uk
=ACF  \\$aPrevious Copyright Fee: GBP19.20$c0$e01-jul-2011$fGBP19.20$g0$hC$5Uk
=ACF  \\$aPrevious Copyright Fee: GBP19.20$c0$e01-jan-2011$fGBP19.20$g0$hC$5Uk
=ACF  \\$aPrevious Copyright Fee: GBP19.20$c0$e01-oct-2010$fGBP19.20$g0$hC$5Uk
=ACF  \\$aPrevious Copyright Fee: GBP19.20$c0$e01-jul-2010$fGBP19.20$g0$hC$5Uk
=ACF  \\$aPrevious Copyright Fee: GBP19.20$c0$e01-apr-2010$fGBP19.20$g0$hC$5Uk
=ACF  \\$aPrevious Copyright Fee: GBP19.20$c0$e01-Jan-2010$fGBP19.20$g0$hC$5Uk
=ACF  \\$aPrevious Copyright Fee: GBP19.20$c0$e01-oct-2009$fGBP19.20$g0$hC$5Uk
=ACF  \\$aPrevious Copyright Fee: GBP22.86$c0$e01-jul-2009$fGBP22.86$g0$hC$5Uk
=ACF  \\$aPrevious Copyright Fee: GBP22.86$c0$e01-apr-2009$fGBP22.86$g0$hC$5Uk
=ACF  \\$aPrevious Copyright Fee: GBP20.00$c0$e01-jan-2009$fGBP20.00$g0$hC$5Uk
=ACF  \\$aPrevious Copyright Fee: GBP16.00$c0$e01-oct-2008$fGBP16.00$g0$hC$5Uk
=ACF  \\$aPrevious Copyright Fee: GBP16.00$c0$e01-jul-2008$fGBP16.00$g0$hC$5Uk
=ACF  \\$aPrevious Copyright Fee: GBP16.00$c0$e01-apr-2008$fGBP16.00$g0$hC$5Uk
=ACF  \\$aPrevious Copyright Fee: GBP16.00$c0$e01-jan-2008$fGBP16.00$g0$hC$5Uk
=ACF  \\$aPrevious Copyright Fee: GBP16.00$c0$e01-oct-2007$fGBP16.00$g0$hC$5Uk
=ACF  \\$aPrevious Copyright Fee: GBP16.00$c0$e01-jul-2007$fGBP16.00$g0$hC$5Uk
=ACF  \\$aPrevious Copyright Fee: GBP16.41$c0$e01-apr-2007$fGBP16.41$g0$hC$5Uk
=ACF  \\$aPrevious Copyright Fee: GBP17.30$c0$e01-jan-2007$fGBP17.30$g0$hC$5Uk
=ACF  \\$aPrevious Copyright Fee: GBP17.30$c0$e01-oct-2006$fGBP17.30$g0$hC$5Uk
=ACF  \\$aPrevious Copyright Fee: GBP18.29$c0$e01-jul-2006$fGBP18.29$g0$hC$5Uk
=ACF  \\$aPrevious Copyright Fee: GBP18.29$c0$e01-apr-2006$fGBP18.29$g0$hC$5Uk
=ACF  \\$aPrevious Copyright Fee: GBP17.78$c0$e01-jan-2006$fGBP17.78$g0$hC$5Uk
=ACF  \\$aPrevious Copyright Fee: GBP17.30$c0$e01-oct-2005$fGBP17.30$g0$hC$5Uk
=ACF  \\$aPrevious Copyright Fee: GBP17.30$c0$e01-jul-2005$fGBP17.30$g0$hC$5Uk
=ACF  \\$aPrevious Copyright Fee: GBP17.30$c0$e01-apr-2005$fGBP17.30$g0$hC$5Uk
=ACF  \\$aPrevious Copyright Fee: GBP17.78$c0$e01-jan-2005$fGBP17.78$g0$hC$5Uk
=ACF  \\$aPrevious Copyright Fee: GBP17.30$c0$e01-oct-2004$fGBP17.30$g0$hC$5Uk
=ACF  \\$aPrevious copyright fee: GBP17.30$c0$e01-apr-2004$fGBP17.30$g0$hC$5Uk
=ACF  \\$aCurrent copyright fee: GBP18.82$c0$e01-jan-2004$fGBP18.82$g0$hC$5Uk
=ACF  \\$aCurrent copyright fee: GBP20.00$c0$e01-jan-2003$fGBP20.00$g0$hC$5Uk
=ACF  \\$aPrevious Copyright Fee: GBP19.39$c0$e01-jul-2012$fGBP19.39$g0$hC$5Uk
=ACF  \\$aPrevious Copyright Fee: GBP20.65$c0$e01-oct-2012$fGBP20.65$g0$hC$5Uk
=ACF  \\$aPrevious Copyright Fee: GBP20.00$c0$e01-jan-2013$fGBP20.00$g0$hC$5Uk
=ACF  \\$aPrevious Copyright Fee: GBP20.65$c0$e01-jul-2013$fGBP20.65$g0$hC$5Uk
=ACF  \\$aPrevious Copyright Fee: GBP19.20$c0$e01-oct-2013$fGBP19.20$g0$hC$5Uk
=ACF  \\$aPrevious Copyright Fee: GBP20.00$c0$e01-jan-2014$fGBP20.00$g0$hC$5Uk
=ACF  \\$aPrevious Copyright Fee: GBP19.39$c0$e01-jul-2014$fGBP19.39$g0$hC$5Uk
=ACF  \\$aPrevious Copyright Fee: GBP21.33$c0$e01-apr-2015$fGBP21.33$g0$hC$5Uk
=ACF  \\$aPrevious Copyright Fee: GBP20.65$c0$e01-oct-2015$fGBP20.65$g0$hC$5Uk
=ACF  \\$aPrevious Copyright Fee: GBP22.07$c0$e01-apr-2016$fGBP22.07$g0$hC$5Uk
=ACF  \\$aPrevious Copyright Fee: GBP22.22$c0$e01-jan-2017$fGBP22.22$g0$hC$5Uk
=ACF  \\$aPrevious Copyright Fee: GBP23.70$c0$e01-oct-2016$fGBP23.70$g0$hC$5Uk
=ACF  \\$aPrevious Copyright Fee: GBP24.00$c123\0$e07-mar-2017$fGBP24.00$g0$hP$5Uk
=ACF  \\$aPrevious copyright fee: GBP23.08$c123\0$e01-oct-2017$fGBP23.08$g0$hP$5Uk
=ACF  \\$aPrevious copyright fee: GBP21.43$c123\0$e01-apr-2018$fGBP21.43$g0$hP$5Uk
=ACF  \\$aPrevious copyright fee: GBP23.08$c123\0$e01-oct-2018$fGBP23.08$g0$hP$5Uk
=ACF  \\$aPrevious copyright fee: GBP24.00$c123\0$e01-oct-2019$fGBP24.00$g0$hP$5Uk
=ACF  \\$aPrevious copyright fee: GBP23.08$c123\0$e01-apr-2020$fGBP23.08$g0$hP$5Uk
=ACF  \\$aPrevious copyright fee: GBP24.00$c123\0$e01-jul-2020$fGBP24.00$g0$hP$5Uk
=ACF  \\$aPrevious copyright fee: GBP22.22$c123\0$e01-apr-2021$fGBP22.22$g0$hP$5Uk
=ACF  \\$aPrevious copyright fee: GBP21.43$c123\0$e07-jul-2021$fGBP21.43$g0$hP$5Uk
=CAT  \\$aCONV$b00$c20040425$lBLL90$h0711
=CAT  \\$aBATCH-UPD$b00$c20170315$lBLL01$h1707
=CAT  \\$a11205$b40$c20170317$lBLL01$h0946
=CAT  \\$a11205$b40$c20170317$lBLL01$h0959
=CAT  \\$a8335$b40$c20170320$lBLL01$h1439
=CAT  \\$a8335$b40$c20170428$lBLL01$h1356
=CAT  \\$aBATCH-UPD$b40$c20170904$lBLL01$h1758
=CAT  \\$aIPL-CLA$c20170929$lBLL01$h1720
=CAT  \\$aBATCH-UPD$b00$c20180223$lBLL01$h1607
=CAT  \\$aIPL-CLA$c20180331$lBLL01$h1610
=CAT  \\$aBATCH-UPD$b00$c20180823$lBLL01$h1918
=CAT  \\$aIPL-CLA$c20180930$lBLL01$h1457
=CAT  \\$aBATCH-UPD$b00$c20190829$lBLL01$h1502
=CAT  \\$aIPL-CLA$c20190930$lBLL01$h1633
=CAT  \\$aBATCH-UPD$b00$c20200219$lBLL01$h1447
=CAT  \\$aIPL-CLA$c20200331$lBLL01$h1609
=CAT  \\$aBATCH-UPD$b00$c20200522$lBLL01$h1435
=CAT  \\$aIPL-CLA$c20200701$lBLL01$h0051
=CAT  \\$aBATCH-UPD$b00$c20210226$lBLL01$h1017
=CAT  \\$aIPL-CLA$c20210331$lBLL01$h1658
=CAT  \\$aBATCH-UPD$b00$c20210707$lBLL01$h1541
=CAT  \\$aIPL-CLA$c20210707$lBLL01$h1842
=CAT  \\$aBATCH-UPD$b00$c20220520$lBLL01$h1614
=CAT  \\$aIPL-CLA$c20220630$lBLL01$h1536
=CAT  \\$aBATCH-UPD$b00$c20220824$lBLL01$h0843
=CAT  \\$aIPL-CLA$c20220930$lBLL01$h1425
=CFI  0\$aCurrent copyright fee: GBP25.00$c123\0$e01-oct-2022$fGBP25.00$g0$hP$5Uk
=CFI  2\$aPrevious copyright fee: GBP24.00$c123\0$e01-jul-2022$fGBP24.00$g0$hP$5Uk
=FFP  \\$aY$bBLDSS-3PM
=FIN  \\$aY
=FMT  \\$a  SE
=LAS  \\$aIPL-CLA$b00$c20220930$lBLL01$h1425
=LEO  \\$aMP25.0000019137
=LEO  \\$aMP10.0000582423
=LET  \0$aTransactions of the ASME. Journal of applied mechanics (Print)
=LKR  \\$aPAR$b011140465$lBLL01$nTransactions of the ASME. Series E, Journal of applied mechanics$mTransactions of the ASME. Journal of applied mechanics$r78000
=SRC  \\$aSRI01$bbibmp25.200404.2.aa
=SRC  \\$aDSS01$bbibmp10.200404.2.aa
=TCO  \\$aTRS$bCCC$c008
=TOC  \\$aETOC
=UNO  \\$aY

