=LDR  08815cas a2201657 a 4500
=001  011140440
=003  Uk
=005  20220930142529.0
=007  ta
=008  040410c19779999nyumr\p\\\\\\\0\\\a0eng\\
=019  c\$a2169849
=019  0\$as287570002
=022  0\$a0148-0731
=040  \\$aUk$beng$cUk$dUk
=042  \\$aukblsr
=082  04$a610.28$221
=084  \\$aH 40$2blsrissc
=210  0\$aJ. biomech. eng.
=222  \0$aJournal of biomechanical engineering
=245  00$aTransactions of the ASME.$pJournal of biomechanical engineering.
=246  1\$iAlso known as:$aJournal of biomechanical engineering
=260  \\$aNew York, N.Y. :$bAmerican Society of Mechanical Engineers,$c[1977]-
=300  \\$av. :$bill. ;$c29 cm.
=310  \\$aMonthly,$b2009-
=321  \\$aBimonthly,$b<Aug. 1998-2008
=321  \\$aQuarterly,$b1977->
=336  \\$atext$2rdacontent
=337  \\$aunmediated$2rdamedia
=338  \\$avolume$2rdacarrier
=362  1\$aBegan in 1977.
=540  \\$aCurrent copyright fee: GBP25.00$c123\0$5Uk
=595  \\$aFORMERLY 8897.319 UP TO VOL. 99(4), 1977 SEE ALSO SERIAL RECORDS TEPO.
=650  \0$aBiomedical engineering$vPeriodicals.
=650  \0$aBiomechanics$vPeriodicals.
=710  2\$aAmerican Society of Mechanical Engineers.
=776  08$iAlso issued online as:$tTransactions of the ASME. Journal of biomechanical engineering$x1528-8951
=780  00$tTransactions of the ASME. Series K, Journal of biomechanical engineering
=852  41$aBritish Library$bDSC$j8896.700000$3Vol. 100, no. 1 (1978)-v. 138, no. 12 (2016)***UKRR Retained Title
=852  71$aBritish Library$bSTI$k(P)$hH 40$m-E(45)$2blsrissc$3Vol. 100 (1978)-v. 137 (2015)
=856  \\$31850-9999$uhttps://www.asme.org/$xBLDSS
=945  \\$aTRANSACTIONS- AMERICAN SOCIETY OF MECHANICAL ENGINEERS JOURNAL OF BIOMECHANICAL ENGINEERING.
=959  \\$fHeld but not currently received
=963  \\$aVOL. 99, 1977- *A=1$bY$cP429.B.206
=985  \\$aUnable to reconcile local Document Supply title history with ISSN history of title.
=985  \\$aCONFERENCE ANALYTIC RECORDS EXIST
=A02  \\$a2169849
=ACF  \\$aPrevious Copyright Fee: GBP20.65$c0$e01-apr-2012$fGBP20.65$g0$hC$5Uk
=ACF  \\$aPrevious Copyright Fee: GBP19.20$c0$e01-jan-2012$fGBP19.20$g0$hC$5Uk
=ACF  \\$aPrevious Copyright Fee: GBP19.20$c0$e01-oct-2011$fGBP19.20$g0$hC$5Uk
=ACF  \\$aPrevious Copyright Fee: GBP19.20$c0$e01-jul-2011$fGBP19.20$g0$hC$5Uk
=ACF  \\$aPrevious Copyright Fee: GBP19.20$c0$e01-jan-2011$fGBP19.20$g0$hC$5Uk
=ACF  \\$aPrevious Copyright Fee: GBP19.20$c0$e01-oct-2010$fGBP19.20$g0$hC$5Uk
=ACF  \\$aPrevious Copyright Fee: GBP19.20$c0$e01-jul-2010$fGBP19.20$g0$hC$5Uk
=ACF  \\$aPrevious Copyright Fee: GBP19.20$c0$e01-apr-2010$fGBP19.20$g0$hC$5Uk
=ACF  \\$aPrevious Copyright Fee: GBP19.20$c0$e01-Jan-2010$fGBP19.20$g0$hC$5Uk
=ACF  \\$aPrevious Copyright Fee: GBP19.20$c0$e01-oct-2009$fGBP19.20$g0$hC$5Uk
=ACF  \\$aPrevious Copyright Fee: GBP22.86$c0$e01-jul-2009$fGBP22.86$g0$hC$5Uk
=ACF  \\$aPrevious Copyright Fee: GBP22.86$c0$e01-apr-2009$fGBP22.86$g0$hC$5Uk
=ACF  \\$aPrevious Copyright Fee: GBP20.00$c0$e01-jan-2009$fGBP20.00$g0$hC$5Uk
=ACF  \\$aPrevious Copyright Fee: GBP16.00$c0$e01-oct-2008$fGBP16.00$g0$hC$5Uk
=ACF  \\$aPrevious Copyright Fee: GBP16.00$c0$e01-jul-2008$fGBP16.00$g0$hC$5Uk
=ACF  \\$aPrevious Copyright Fee: GBP16.00$c0$e01-apr-2008$fGBP16.00$g0$hC$5Uk
=ACF  \\$aPrevious Copyright Fee: GBP16.00$c0$e01-jan-2008$fGBP16.00$g0$hC$5Uk
=ACF  \\$aPrevious Copyright Fee: GBP16.00$c0$e01-oct-2007$fGBP16.00$g0$hC$5Uk
=ACF  \\$aPrevious Copyright Fee: GBP16.00$c0$e01-jul-2007$fGBP16.00$g0$hC$5Uk
=ACF  \\$aPrevious Copyright Fee: GBP16.41$c0$e01-apr-2007$fGBP16.41$g0$hC$5Uk
=ACF  \\$aPrevious Copyright Fee: GBP17.30$c0$e01-jan-2007$fGBP17.30$g0$hC$5Uk
=ACF  \\$aPrevious Copyright Fee: GBP17.30$c0$e01-oct-2006$fGBP17.30$g0$hC$5Uk
=ACF  \\$aPrevious Copyright Fee: GBP18.29$c0$e01-jul-2006$fGBP18.29$g0$hC$5Uk
=ACF  \\$aPrevious Copyright Fee: GBP18.29$c0$e01-apr-2006$fGBP18.29$g0$hC$5Uk
=ACF  \\$aPrevious Copyright Fee: GBP17.78$c0$e01-jan-2006$fGBP17.78$g0$hC$5Uk
=ACF  \\$aPrevious Copyright Fee: GBP17.30$c0$e01-oct-2005$fGBP17.30$g0$hC$5Uk
=ACF  \\$aPrevious Copyright Fee: GBP17.30$c0$e01-jul-2005$fGBP17.30$g0$hC$5Uk
=ACF  \\$aPrevious Copyright Fee: GBP17.30$c0$e01-apr-2005$fGBP17.30$g0$hC$5Uk
=ACF  \\$aPrevious Copyright Fee: GBP17.78$c0$e01-jan-2005$fGBP17.78$g0$hC$5Uk
=ACF  \\$aPrevious Copyright Fee: GBP17.30$c0$e01-oct-2004$fGBP17.30$g0$hC$5Uk
=ACF  \\$aPrevious copyright fee: GBP17.30$c0$e01-apr-2004$fGBP17.30$g0$hC$5Uk
=ACF  \\$aCurrent copyright fee: GBP18.82$c0$e01-jan-2004$fGBP18.82$g0$hC$5Uk
=ACF  \\$aCurrent copyright fee: GBP20.00$c0$e01-jan-2003$fGBP20.00$g0$hC$5Uk
=ACF  \\$aPrevious Copyright Fee: GBP19.39$c0$e01-jul-2012$fGBP19.39$g0$hC$5Uk
=ACF  \\$aPrevious Copyright Fee: GBP20.65$c0$e01-oct-2012$fGBP20.65$g0$hC$5Uk
=ACF  \\$aPrevious Copyright Fee: GBP20.00$c0$e01-jan-2013$fGBP20.00$g0$hC$5Uk
=ACF  \\$aPrevious Copyright Fee: GBP20.65$c0$e01-jul-2013$fGBP20.65$g0$hC$5Uk
=ACF  \\$aPrevious Copyright Fee: GBP19.20$c0$e01-oct-2013$fGBP19.20$g0$hC$5Uk
=ACF  \\$aPrevious Copyright Fee: GBP20.00$c0$e01-jan-2014$fGBP20.00$g0$hC$5Uk
=ACF  \\$aPrevious Copyright Fee: GBP19.39$c0$e01-jul-2014$fGBP19.39$g0$hC$5Uk
=ACF  \\$aPrevious Copyright Fee: GBP21.33$c0$e01-apr-2015$fGBP21.33$g0$hC$5Uk
=ACF  \\$aPrevious Copyright Fee: GBP20.65$c0$e01-oct-2015$fGBP20.65$g0$hC$5Uk
=ACF  \\$aPrevious Copyright Fee: GBP22.07$c0$e01-apr-2016$fGBP22.07$g0$hC$5Uk
=ACF  \\$aPrevious Copyright Fee: GBP22.22$c0$e01-jan-2017$fGBP22.22$g0$hC$5Uk
=ACF  \\$aPrevious Copyright Fee: GBP23.70$c0$e01-oct-2016$fGBP23.70$g0$hC$5Uk
=ACF  \\$aPrevious Copyright Fee: GBP24.00$c123\0$e07-mar-2017$fGBP24.00$g0$hP$5Uk
=ACF  \\$aPrevious copyright fee: GBP23.08$c123\0$e01-oct-2017$fGBP23.08$g0$hP$5Uk
=ACF  \\$aPrevious copyright fee: GBP21.43$c123\0$e01-apr-2018$fGBP21.43$g0$hP$5Uk
=ACF  \\$aPrevious copyright fee: GBP23.08$c123\0$e01-oct-2018$fGBP23.08$g0$hP$5Uk
=ACF  \\$aPrevious copyright fee: GBP24.00$c123\0$e01-oct-2019$fGBP24.00$g0$hP$5Uk
=ACF  \\$aPrevious copyright fee: GBP23.08$c123\0$e01-apr-2020$fGBP23.08$g0$hP$5Uk
=ACF  \\$aPrevious copyright fee: GBP24.00$c123\0$e01-jul-2020$fGBP24.00$g0$hP$5Uk
=ACF  \\$aPrevious copyright fee: GBP22.22$c123\0$e01-apr-2021$fGBP22.22$g0$hP$5Uk
=ACF  \\$aPrevious copyright fee: GBP21.43$c123\0$e07-jul-2021$fGBP21.43$g0$hP$5Uk
=CAT  \\$aCONV$b00$c20040425$lBLL90$h0711
=CAT  \\$aBATCH-UPD$b00$c20170315$lBLL01$h1708
=CAT  \\$a11205$b40$c20170317$lBLL01$h0958
=CAT  \\$a11205$b40$c20170317$lBLL01$h1100
=CAT  \\$a8335$b40$c20170322$lBLL01$h1132
=CAT  \\$a8335$b40$c20170428$lBLL01$h1400
=CAT  \\$aBATCH-UPD$b40$c20170904$lBLL01$h1758
=CAT  \\$aIPL-CLA$c20170929$lBLL01$h1720
=CAT  \\$aBATCH-UPD$b00$c20180223$lBLL01$h1607
=CAT  \\$aIPL-CLA$c20180331$lBLL01$h1610
=CAT  \\$aBATCH-UPD$b00$c20180823$lBLL01$h1918
=CAT  \\$aIPL-CLA$c20180930$lBLL01$h1457
=CAT  \\$aBATCH-UPD$b00$c20190829$lBLL01$h1502
=CAT  \\$aIPL-CLA$c20190930$lBLL01$h1633
=CAT  \\$aBATCH-UPD$b00$c20200219$lBLL01$h1447
=CAT  \\$aIPL-CLA$c20200331$lBLL01$h1609
=CAT  \\$aBATCH-UPD$b00$c20200522$lBLL01$h1435
=CAT  \\$aIPL-CLA$c20200701$lBLL01$h0051
=CAT  \\$aBATCH-UPD$b00$c20210226$lBLL01$h1017
=CAT  \\$aIPL-CLA$c20210331$lBLL01$h1658
=CAT  \\$aBATCH-UPD$b00$c20210707$lBLL01$h1541
=CAT  \\$aIPL-CLA$c20210707$lBLL01$h1842
=CAT  \\$aBATCH-UPD$b00$c20220520$lBLL01$h1614
=CAT  \\$aIPL-CLA$c20220630$lBLL01$h1536
=CAT  \\$aBATCH-UPD$b00$c20220824$lBLL01$h0843
=CAT  \\$aIPL-CLA$c20220930$lBLL01$h1425
=CFI  0\$aCurrent copyright fee: GBP25.00$c123\0$e01-oct-2022$fGBP25.00$g0$hP$5Uk
=CFI  2\$aPrevious copyright fee: GBP24.00$c123\0$e01-jul-2022$fGBP24.00$g0$hP$5Uk
=FFP  \\$aY$bBLDSS-3PM
=FIN  \\$aY
=FMT  \\$a  SE
=LAS  \\$aIPL-CLA$b00$c20220930$lBLL01$h1425
=LEO  \\$aMP10.0000582424
=LEO  \\$aMP25.0000125883
=LET  \0$aTransactions of the ASME. Journal of biomechanical engineering (Print)
=LKR  \\$aPAR$b011140471$lBLL01$nTransactions of the ASME. Series K, Journal of biomechanical engineering$mTransactions of the ASME. Journal of biomechanical engineering$r78000
=SRC  \\$aDSS01$bbibmp10.200404.2.aa
=SRC  \\$aSRI01$bbibmp25.200404.2.aa
=TCO  \\$aTRS$bCCC$c008
=TOC  \\$aETOC
=UNO  \\$aY

