=LDR  08740cas a2201669 a 4500
=001  011140451
=003  Uk
=005  20220930142530.0
=007  ta
=008  960214c19969999nyumr\p\\\\\\\0\\\a0eng\d
=019  c\$a2528185
=019  0\$as103095020
=022  0\$a1087-1357
=040  \\$aUk$beng$cUk$dUk
=042  \\$aukblsr
=082  04$a620$221
=084  \\$aST 24$2blsrissc
=210  0\$aJ. manuf. sci. eng.
=222  \0$aJournal of manufacturing science and engineering
=245  00$aJournal of manufacturing science and engineering.
=246  30$aManufacturing science and engineering
=246  13$aTransactions of the ASME. Journal of manufacturing science and engineering
=260  \\$aNew York, NY :$bAmerican Society of Mechanical Engineers,$cc1996-
=300  \\$av. :$bill. ;$c29 cm.
=310  \\$aMonthly,$b2016-
=321  \\$aBimonthly,$b2007-2015
=321  \\$aQuarterly,$b1996-2006
=336  \\$atext$2rdacontent
=337  \\$aunmediated$2rdamedia
=338  \\$avolume$2rdacarrier
=362  0\$aVol. 118, no. 2 (May 1996)-
=490  1\$aTransactions of the ASME
=500  \\$aTitle from cover.
=540  \\$aCurrent copyright fee: GBP25.00$c123\0$5Uk
=595  \\$aFORMERLY 8896.8 UP TO VOL. 118(1), 1996 SEE ALSO 8896.8 AND 8897.15 FOR OTHER EXTERNAL HOLDINGS.
=650  \0$aProduction engineering$vPeriodicals.
=710  2\$aAmerican Society of Mechanical Engineers.
=776  08$iAlso issued online as:$tJournal of manufacturing science and engineering$x1528-8935
=780  00$tTransactions of the ASME. Journal of engineering for industry$x0022-0817
=830  \0$aTransactions of the ASME (1959)
=852  41$aBritish Library$bDSC$j8896.970000$3Vol. 118, no. 2 (1996)-v. 138, no. 12 (2016)***UKRR Retained Title
=852  71$aBritish Library$bSTI$k(P)$hST 24$m-E(1)$2blsrissc$3Vol. 118, no.2 (1996)-v. 137 (2015)
=856  \\$31850-9999$uhttps://www.asme.org/$xBLDSS
=945  \\$aTRANSACTIONS- AMERICAN SOCIETY OF MECHANICAL ENGINEERS JOURNAL OF MANUFACTURING SCIENCE AND ENGINEERING.
=959  \\$fHeld but not currently received
=985  \\$aRecord merged by DQ team
=985  \\$aUnable to reconcile local Document Supply title history with ISSN history.
=A02  \\$a2528185
=ACF  \\$aPrevious Copyright Fee: GBP20.65$c0$e01-apr-2012$fGBP20.65$g0$hC$5Uk
=ACF  \\$aPrevious Copyright Fee: GBP19.20$c0$e01-jan-2012$fGBP19.20$g0$hC$5Uk
=ACF  \\$aPrevious Copyright Fee: GBP19.20$c0$e01-oct-2011$fGBP19.20$g0$hC$5Uk
=ACF  \\$aPrevious Copyright Fee: GBP19.20$c0$e01-jul-2011$fGBP19.20$g0$hC$5Uk
=ACF  \\$aPrevious Copyright Fee: GBP19.20$c0$e01-jan-2011$fGBP19.20$g0$hC$5Uk
=ACF  \\$aPrevious Copyright Fee: GBP19.20$c0$e01-oct-2010$fGBP19.20$g0$hC$5Uk
=ACF  \\$aPrevious Copyright Fee: GBP19.20$c0$e01-jul-2010$fGBP19.20$g0$hC$5Uk
=ACF  \\$aPrevious Copyright Fee: GBP19.20$c0$e01-apr-2010$fGBP19.20$g0$hC$5Uk
=ACF  \\$aPrevious Copyright Fee: GBP19.20$c0$e01-Jan-2010$fGBP19.20$g0$hC$5Uk
=ACF  \\$aPrevious Copyright Fee: GBP19.20$c0$e01-oct-2009$fGBP19.20$g0$hC$5Uk
=ACF  \\$aPrevious Copyright Fee: GBP22.86$c0$e01-jul-2009$fGBP22.86$g0$hC$5Uk
=ACF  \\$aPrevious Copyright Fee: GBP22.86$c0$e01-apr-2009$fGBP22.86$g0$hC$5Uk
=ACF  \\$aPrevious Copyright Fee: GBP20.00$c0$e01-jan-2009$fGBP20.00$g0$hC$5Uk
=ACF  \\$aPrevious Copyright Fee: GBP16.00$c0$e01-oct-2008$fGBP16.00$g0$hC$5Uk
=ACF  \\$aPrevious Copyright Fee: GBP16.00$c0$e01-jul-2008$fGBP16.00$g0$hC$5Uk
=ACF  \\$aPrevious Copyright Fee: GBP16.00$c0$e01-apr-2008$fGBP16.00$g0$hC$5Uk
=ACF  \\$aPrevious Copyright Fee: GBP16.00$c0$e01-jan-2008$fGBP16.00$g0$hC$5Uk
=ACF  \\$aPrevious Copyright Fee: GBP16.00$c0$e01-oct-2007$fGBP16.00$g0$hC$5Uk
=ACF  \\$aPrevious Copyright Fee: GBP16.00$c0$e01-jul-2007$fGBP16.00$g0$hC$5Uk
=ACF  \\$aPrevious Copyright Fee: GBP16.41$c0$e01-apr-2007$fGBP16.41$g0$hC$5Uk
=ACF  \\$aPrevious Copyright Fee: GBP17.30$c0$e01-jan-2007$fGBP17.30$g0$hC$5Uk
=ACF  \\$aPrevious Copyright Fee: GBP17.30$c0$e01-oct-2006$fGBP17.30$g0$hC$5Uk
=ACF  \\$aPrevious Copyright Fee: GBP18.29$c0$e01-jul-2006$fGBP18.29$g0$hC$5Uk
=ACF  \\$aPrevious Copyright Fee: GBP18.29$c0$e01-apr-2006$fGBP18.29$g0$hC$5Uk
=ACF  \\$aPrevious Copyright Fee: GBP17.78$c0$e01-jan-2006$fGBP17.78$g0$hC$5Uk
=ACF  \\$aPrevious Copyright Fee: GBP17.30$c0$e01-oct-2005$fGBP17.30$g0$hC$5Uk
=ACF  \\$aPrevious Copyright Fee: GBP17.30$c0$e01-jul-2005$fGBP17.30$g0$hC$5Uk
=ACF  \\$aPrevious Copyright Fee: GBP17.30$c0$e01-apr-2005$fGBP17.30$g0$hC$5Uk
=ACF  \\$aPrevious Copyright Fee: GBP17.78$c0$e01-jan-2005$fGBP17.78$g0$hC$5Uk
=ACF  \\$aPrevious Copyright Fee: GBP17.30$c0$e01-oct-2004$fGBP17.30$g0$hC$5Uk
=ACF  \\$aPrevious copyright fee: GBP17.30$c0$e01-apr-2004$fGBP17.30$g0$hC$5Uk
=ACF  \\$aCurrent copyright fee: GBP18.82$c0$e01-jan-2004$fGBP18.82$g0$hC$5Uk
=ACF  \\$aCurrent copyright fee: GBP20.00$c0$e01-jan-2003$fGBP20.00$g0$hC$5Uk
=ACF  \\$aPrevious Copyright Fee: GBP19.39$c0$e01-jul-2012$fGBP19.39$g0$hC$5Uk
=ACF  \\$aPrevious Copyright Fee: GBP20.65$c0$e01-oct-2012$fGBP20.65$g0$hC$5Uk
=ACF  \\$aPrevious Copyright Fee: GBP20.00$c0$e01-jan-2013$fGBP20.00$g0$hC$5Uk
=ACF  \\$aPrevious Copyright Fee: GBP20.65$c0$e01-jul-2013$fGBP20.65$g0$hC$5Uk
=ACF  \\$aPrevious Copyright Fee: GBP19.20$c0$e01-oct-2013$fGBP19.20$g0$hC$5Uk
=ACF  \\$aPrevious Copyright Fee: GBP20.00$c0$e01-jan-2014$fGBP20.00$g0$hC$5Uk
=ACF  \\$aPrevious Copyright Fee: GBP19.39$c0$e01-jul-2014$fGBP19.39$g0$hC$5Uk
=ACF  \\$aPrevious Copyright Fee: GBP21.33$c0$e01-apr-2015$fGBP21.33$g0$hC$5Uk
=ACF  \\$aPrevious Copyright Fee: GBP20.65$c0$e01-oct-2015$fGBP20.65$g0$hC$5Uk
=ACF  \\$aPrevious Copyright Fee: GBP22.07$c0$e01-apr-2016$fGBP22.07$g0$hC$5Uk
=ACF  \\$aPrevious Copyright Fee: GBP22.22$c0$e01-jan-2017$fGBP22.22$g0$hC$5Uk
=ACF  \\$aPrevious Copyright Fee: GBP23.70$c0$e01-oct-2016$fGBP23.70$g0$hC$5Uk
=ACF  \\$aPrevious Copyright Fee: GBP24.00$c123\0$e07-mar-2017$fGBP24.00$g0$hP$5Uk
=ACF  \\$aPrevious copyright fee: GBP23.08$c123\0$e01-oct-2017$fGBP23.08$g0$hP$5Uk
=ACF  \\$aPrevious copyright fee: GBP21.43$c123\0$e01-apr-2018$fGBP21.43$g0$hP$5Uk
=ACF  \\$aPrevious copyright fee: GBP23.08$c123\0$e01-oct-2018$fGBP23.08$g0$hP$5Uk
=ACF  \\$aPrevious copyright fee: GBP24.00$c123\0$e01-oct-2019$fGBP24.00$g0$hP$5Uk
=ACF  \\$aPrevious copyright fee: GBP23.08$c123\0$e01-apr-2020$fGBP23.08$g0$hP$5Uk
=ACF  \\$aPrevious copyright fee: GBP24.00$c123\0$e01-jul-2020$fGBP24.00$g0$hP$5Uk
=ACF  \\$aPrevious copyright fee: GBP22.22$c123\0$e01-apr-2021$fGBP22.22$g0$hP$5Uk
=ACF  \\$aPrevious copyright fee: GBP21.43$c123\0$e07-jul-2021$fGBP21.43$g0$hP$5Uk
=CAT  \\$aCONV$b00$c20040425$lBLL90$h0711
=CAT  \\$aBATCH-UPD$b00$c20170315$lBLL01$h1708
=CAT  \\$a11205$b40$c20170320$lBLL01$h1546
=CAT  \\$a11205$b40$c20170320$lBLL01$h1617
=CAT  \\$a8335$b40$c20170322$lBLL01$h1447
=CAT  \\$a8335$b40$c20170428$lBLL01$h1456
=CAT  \\$aBATCH-UPD$b40$c20170904$lBLL01$h1758
=CAT  \\$aIPL-CLA$c20170929$lBLL01$h1720
=CAT  \\$aBATCH-UPD$b00$c20180223$lBLL01$h1607
=CAT  \\$aIPL-CLA$c20180331$lBLL01$h1610
=CAT  \\$aBATCH-UPD$b00$c20180823$lBLL01$h1918
=CAT  \\$aIPL-CLA$c20180930$lBLL01$h1458
=CAT  \\$aBATCH-UPD$b00$c20190829$lBLL01$h1502
=CAT  \\$aIPL-CLA$c20190930$lBLL01$h1633
=CAT  \\$aBATCH-UPD$b00$c20200219$lBLL01$h1447
=CAT  \\$aIPL-CLA$c20200331$lBLL01$h1609
=CAT  \\$aBATCH-UPD$b00$c20200522$lBLL01$h1435
=CAT  \\$aIPL-CLA$c20200701$lBLL01$h0051
=CAT  \\$aBATCH-UPD$b00$c20210226$lBLL01$h1017
=CAT  \\$aIPL-CLA$c20210331$lBLL01$h1658
=CAT  \\$aBATCH-UPD$b00$c20210707$lBLL01$h1541
=CAT  \\$aIPL-CLA$c20210707$lBLL01$h1842
=CAT  \\$aBATCH-UPD$b00$c20220520$lBLL01$h1614
=CAT  \\$aIPL-CLA$c20220630$lBLL01$h1536
=CAT  \\$aBATCH-UPD$b00$c20220824$lBLL01$h0843
=CAT  \\$aIPL-CLA$c20220930$lBLL01$h1425
=CFI  0\$aCurrent copyright fee: GBP25.00$c123\0$e01-oct-2022$fGBP25.00$g0$hP$5Uk
=CFI  2\$aPrevious copyright fee: GBP24.00$c123\0$e01-jul-2022$fGBP24.00$g0$hP$5Uk
=FFP  \\$aY$bBLDSS-3PM
=FIN  \\$aY
=FMT  \\$a  SE
=LAS  \\$aIPL-CLA$b00$c20220930$lBLL01$h1425
=LEO  \\$aMP10.0000582436
=LEO  \\$aMP25.0000019020
=LET  \0$aJournal of manufacturing science and engineering (Print)
=SRC  \\$aSRI01$bbibmp25.200404.2.aa
=SRC  \\$aDSS01$bbibmp10.200404.2.aa
=TCO  \\$aTRS$bCCC$c008
=TOC  \\$aETOC
=UNO  \\$aY

