=LDR  08902cas a2201657 a 4500
=001  011140452
=003  Uk
=005  20220930142530.0
=007  ta
=008  900404c19909999nyumr\p\\\\\\\0\\\a0eng\d
=019  c\$a2169858
=022  0\$a1050-0472
=040  \\$aUk$beng$cUk$dUk
=042  \\$aukblsr
=082  00$a620.0042$220
=130  0\$aJournal of mechanical design (New York, N.Y. : 1990)
=210  0\$aJ. mech. des.$b(1990)
=222  \0$aJournal of mechanical design$b(1990)
=245  10$aJournal of mechanical design.
=246  30$aMechanical design
=260  \\$aNew York, N.Y. :$bAmerican Society of Mechanical Engineers,$cc1990-
=300  \\$av. :$bill. ;$c29 cm.
=310  \\$aMonthly,$b2007-
=321  \\$aBimonthly,$b2004-2006
=321  \\$aQuarterly,$b1990-2003
=336  \\$atext$2rdacontent
=337  \\$aunmediated$2rdamedia
=338  \\$avolume$2rdacarrier
=362  0\$aVol. 112, no. 1 (Mar. 1990)-
=490  1\$aTransactions of the ASME
=500  \\$aTitle from cover.
=540  \\$aCurrent copyright fee: GBP25.00$c123\0$5Uk
=595  \\$aSRIS shared stock; continued as 8896.985000 Vol. 105, 1983- formerly 8896.985000 up to Vol. 111, 1989; see also Serial Records KCS/SE.
=650  \0$aEngineering design$vPeriodicals.
=710  2\$aAmerican Society of Mechanical Engineers.
=776  08$iAlso issued online as:$tJournal of mechanical design (New York, N.Y. : 1990)$x1528-9001
=780  00$tTransactions of the ASME. Journal of mechanisms, transmissions, and automation in design$x0738-0666
=830  \0$aTransactions of the ASME (1959)
=852  41$aBritish Library$bDSC$j8896.980000$3Vol. 100 (1978)-v. 104 (1982), v. 112 (1990)-v. 135, no. 11 (2013)***UKRR Retained Title
=852  71$aBritish Library$bSTI$k(P)$hSW 40$m-E(13)$2blsrissc$3Vol. 112 (1990)-v. 138, no. 12 (2016)
=856  \\$31850-9999$uhttps://www.asme.org/$xBLDSS
=945  \\$aTRANSACTIONS- AMERICAN SOCIETY OF MECHANICAL ENGINEERS JOURNAL OF MECHANICAL DESIGN.
=959  \\$fHeld but not currently received
=963  \\$aVOL. 100, 1978- 104, 1982 *A=1; 112, 1990- *A=1$bY$cP429.B.212
=964  \\$aVOL. 100, 1978- 104, 1982 *A=1$c62/69$dQ$eTN48892
=985  \\$aCONFERENCE ANALYTIC RECORDS EXIST
=985  \\$aUnable to reconcile local Document Supply title history ISSN history.
=A02  \\$a2169858
=ACF  \\$aPrevious Copyright Fee: GBP20.65$c0$e01-apr-2012$fGBP20.65$g0$hC$5Uk
=ACF  \\$aPrevious Copyright Fee: GBP19.20$c0$e01-jan-2012$fGBP19.20$g0$hC$5Uk
=ACF  \\$aPrevious Copyright Fee: GBP19.20$c0$e01-oct-2011$fGBP19.20$g0$hC$5Uk
=ACF  \\$aPrevious Copyright Fee: GBP19.20$c0$e01-jul-2011$fGBP19.20$g0$hC$5Uk
=ACF  \\$aPrevious Copyright Fee: GBP19.20$c0$e01-jan-2011$fGBP19.20$g0$hC$5Uk
=ACF  \\$aPrevious Copyright Fee: GBP19.20$c0$e01-oct-2010$fGBP19.20$g0$hC$5Uk
=ACF  \\$aPrevious Copyright Fee: GBP19.20$c0$e01-jul-2010$fGBP19.20$g0$hC$5Uk
=ACF  \\$aPrevious Copyright Fee: GBP19.20$c0$e01-apr-2010$fGBP19.20$g0$hC$5Uk
=ACF  \\$aPrevious Copyright Fee: GBP19.20$c0$e01-Jan-2010$fGBP19.20$g0$hC$5Uk
=ACF  \\$aPrevious Copyright Fee: GBP19.20$c0$e01-oct-2009$fGBP19.20$g0$hC$5Uk
=ACF  \\$aPrevious Copyright Fee: GBP22.86$c0$e01-jul-2009$fGBP22.86$g0$hC$5Uk
=ACF  \\$aPrevious Copyright Fee: GBP22.86$c0$e01-apr-2009$fGBP22.86$g0$hC$5Uk
=ACF  \\$aPrevious Copyright Fee: GBP20.00$c0$e01-jan-2009$fGBP20.00$g0$hC$5Uk
=ACF  \\$aPrevious Copyright Fee: GBP16.00$c0$e01-oct-2008$fGBP16.00$g0$hC$5Uk
=ACF  \\$aPrevious Copyright Fee: GBP16.00$c0$e01-jul-2008$fGBP16.00$g0$hC$5Uk
=ACF  \\$aPrevious Copyright Fee: GBP16.00$c0$e01-apr-2008$fGBP16.00$g0$hC$5Uk
=ACF  \\$aPrevious Copyright Fee: GBP16.00$c0$e01-jan-2008$fGBP16.00$g0$hC$5Uk
=ACF  \\$aPrevious Copyright Fee: GBP16.00$c0$e01-oct-2007$fGBP16.00$g0$hC$5Uk
=ACF  \\$aPrevious Copyright Fee: GBP16.00$c0$e01-jul-2007$fGBP16.00$g0$hC$5Uk
=ACF  \\$aPrevious Copyright Fee: GBP16.41$c0$e01-apr-2007$fGBP16.41$g0$hC$5Uk
=ACF  \\$aPrevious Copyright Fee: GBP17.30$c0$e01-jan-2007$fGBP17.30$g0$hC$5Uk
=ACF  \\$aPrevious Copyright Fee: GBP17.30$c0$e01-oct-2006$fGBP17.30$g0$hC$5Uk
=ACF  \\$aPrevious Copyright Fee: GBP18.29$c0$e01-jul-2006$fGBP18.29$g0$hC$5Uk
=ACF  \\$aPrevious Copyright Fee: GBP18.29$c0$e01-apr-2006$fGBP18.29$g0$hC$5Uk
=ACF  \\$aPrevious Copyright Fee: GBP17.78$c0$e01-jan-2006$fGBP17.78$g0$hC$5Uk
=ACF  \\$aPrevious Copyright Fee: GBP17.30$c0$e01-oct-2005$fGBP17.30$g0$hC$5Uk
=ACF  \\$aPrevious Copyright Fee: GBP17.30$c0$e01-jul-2005$fGBP17.30$g0$hC$5Uk
=ACF  \\$aPrevious Copyright Fee: GBP17.30$c0$e01-apr-2005$fGBP17.30$g0$hC$5Uk
=ACF  \\$aPrevious Copyright Fee: GBP17.78$c0$e01-jan-2005$fGBP17.78$g0$hC$5Uk
=ACF  \\$aPrevious Copyright Fee: GBP17.30$c0$e01-oct-2004$fGBP17.30$g0$hC$5Uk
=ACF  \\$aPrevious copyright fee: GBP17.30$c0$e01-apr-2004$fGBP17.30$g0$hC$5Uk
=ACF  \\$aCurrent copyright fee: GBP18.82$c0$e01-jan-2004$fGBP18.82$g0$hC$5Uk
=ACF  \\$aCurrent copyright fee: GBP20.00$c0$e01-jan-2003$fGBP20.00$g0$hC$5Uk
=ACF  \\$aPrevious Copyright Fee: GBP19.39$c0$e01-jul-2012$fGBP19.39$g0$hC$5Uk
=ACF  \\$aPrevious Copyright Fee: GBP20.65$c0$e01-oct-2012$fGBP20.65$g0$hC$5Uk
=ACF  \\$aPrevious Copyright Fee: GBP20.00$c0$e01-jan-2013$fGBP20.00$g0$hC$5Uk
=ACF  \\$aPrevious Copyright Fee: GBP20.65$c0$e01-jul-2013$fGBP20.65$g0$hC$5Uk
=ACF  \\$aPrevious Copyright Fee: GBP19.20$c0$e01-oct-2013$fGBP19.20$g0$hC$5Uk
=ACF  \\$aPrevious Copyright Fee: GBP20.00$c0$e01-jan-2014$fGBP20.00$g0$hC$5Uk
=ACF  \\$aPrevious Copyright Fee: GBP19.39$c0$e01-jul-2014$fGBP19.39$g0$hC$5Uk
=ACF  \\$aPrevious Copyright Fee: GBP21.33$c0$e01-apr-2015$fGBP21.33$g0$hC$5Uk
=ACF  \\$aPrevious Copyright Fee: GBP20.65$c0$e01-oct-2015$fGBP20.65$g0$hC$5Uk
=ACF  \\$aPrevious Copyright Fee: GBP22.07$c0$e01-apr-2016$fGBP22.07$g0$hC$5Uk
=ACF  \\$aPrevious Copyright Fee: GBP22.22$c0$e01-jan-2017$fGBP22.22$g0$hC$5Uk
=ACF  \\$aPrevious Copyright Fee: GBP23.70$c0$e01-oct-2016$fGBP23.70$g0$hC$5Uk
=ACF  \\$aPrevious Copyright Fee: GBP24.00$c123\0$e07-mar-2017$fGBP24.00$g0$hP$5Uk
=ACF  \\$aPrevious copyright fee: GBP23.08$c123\0$e01-oct-2017$fGBP23.08$g0$hP$5Uk
=ACF  \\$aPrevious copyright fee: GBP21.43$c123\0$e01-apr-2018$fGBP21.43$g0$hP$5Uk
=ACF  \\$aPrevious copyright fee: GBP23.08$c123\0$e01-oct-2018$fGBP23.08$g0$hP$5Uk
=ACF  \\$aPrevious copyright fee: GBP24.00$c123\0$e01-oct-2019$fGBP24.00$g0$hP$5Uk
=ACF  \\$aPrevious copyright fee: GBP23.08$c123\0$e01-apr-2020$fGBP23.08$g0$hP$5Uk
=ACF  \\$aPrevious copyright fee: GBP24.00$c123\0$e01-jul-2020$fGBP24.00$g0$hP$5Uk
=ACF  \\$aPrevious copyright fee: GBP22.22$c123\0$e01-apr-2021$fGBP22.22$g0$hP$5Uk
=ACF  \\$aPrevious copyright fee: GBP21.43$c123\0$e07-jul-2021$fGBP21.43$g0$hP$5Uk
=CAT  \\$aCONV$b00$c20040425$lBLL90$h0711
=CAT  \\$a11205$b40$c20170320$lBLL01$h1715
=CAT  \\$a11205$b40$c20170320$lBLL01$h1722
=CAT  \\$a11205$b40$c20170320$lBLL01$h1724
=CAT  \\$a8335$b40$c20170322$lBLL01$h1456
=CAT  \\$a8335$b40$c20170428$lBLL01$h1459
=CAT  \\$aBATCH-UPD$b40$c20170904$lBLL01$h1758
=CAT  \\$aIPL-CLA$c20170929$lBLL01$h1720
=CAT  \\$aBATCH-UPD$b00$c20180223$lBLL01$h1607
=CAT  \\$aIPL-CLA$c20180331$lBLL01$h1610
=CAT  \\$aBATCH-UPD$b00$c20180823$lBLL01$h1918
=CAT  \\$aIPL-CLA$c20180930$lBLL01$h1458
=CAT  \\$aBATCH-UPD$b00$c20190829$lBLL01$h1502
=CAT  \\$aIPL-CLA$c20190930$lBLL01$h1633
=CAT  \\$aBATCH-UPD$b00$c20200219$lBLL01$h1447
=CAT  \\$aIPL-CLA$c20200331$lBLL01$h1609
=CAT  \\$aBATCH-UPD$b00$c20200522$lBLL01$h1435
=CAT  \\$aIPL-CLA$c20200701$lBLL01$h0051
=CAT  \\$aBATCH-UPD$b00$c20210226$lBLL01$h1017
=CAT  \\$aIPL-CLA$c20210331$lBLL01$h1658
=CAT  \\$aBATCH-UPD$b00$c20210707$lBLL01$h1541
=CAT  \\$aIPL-CLA$c20210707$lBLL01$h1842
=CAT  \\$aBATCH-UPD$b00$c20220520$lBLL01$h1614
=CAT  \\$aIPL-CLA$c20220630$lBLL01$h1536
=CAT  \\$aBATCH-UPD$b00$c20220824$lBLL01$h0843
=CAT  \\$aIPL-CLA$c20220930$lBLL01$h1425
=CFI  0\$aCurrent copyright fee: GBP25.00$c123\0$e01-oct-2022$fGBP25.00$g0$hP$5Uk
=CFI  2\$aPrevious copyright fee: GBP24.00$c123\0$e01-jul-2022$fGBP24.00$g0$hP$5Uk
=FFP  \\$aY$bBLDSS-3PM
=FIN  \\$aY
=FMT  \\$a  SE
=LAS  \\$aIPL-CLA$b00$c20220930$lBLL01$h1425
=LEO  \\$aMP10.0000582437
=LET  \0$aJournal of mechanical design (Print)
=LKR  \\$aPAR$b011140453$lBLL01$nTransactions of the ASME. Journal of mechanisms, transmissions, and automation in design$mJournal of mechanical design$r78000
=SRC  \\$aDSS01$bbibmp10.200404.2.aa
=TCO  \\$aTRS$bCCC$c008
=TOC  \\$aETOC
=UNO  \\$aY

