=LDR  05109cas a2201213 a 4500
=001  011150387
=003  Uk
=005  20221231144145.0
=007  ta
=008  040410c19999999ne\qr\p\\\\\\\0\\\a0eng\\
=015  \\$aGBA011121$2bnb
=019  y\$abA011121
=019  9\$abA011121
=019  0\$as655314008
=019  c\$a2388718
=022  0\$a1462-0758$y1573-062X
=040  \\$aUk$beng$cUk$dUk
=042  \\$aukblsr
=046  \\$at
=082  04$a551.488$222
=084  \\$aSL 44$2blsrissc
=210  1\$aUrban water
=222  \0$aUrban water
=245  00$aUrban water.
=246  1\$iMinor title change :$aUrban water journal$fVol. 1, no. 1 (2004)-
=260  \\$a[Oxford, England] :$bElsevier Science$cc1999-
=260  3\$32004-$aLondon :$bTaylor & Francis Ltd.
=300  \\$av. :$bill. ;$c30 cm.
=310  \\$aQuarterly
=336  \\$atext$2rdacontent
=337  \\$aunmediated$2rdamedia
=338  \\$avolume$2rdacarrier
=362  0\$aVol. 1, no. 1 (1999)-
=500  \\$aTitle from cover.
=500  \\$aSome issues also have distinctive titles.
=500  \\$aLatest issue consulted: Vol. 4, no. 1 (2002).
=510  0\$aChemical abstracts$x0009-2258
=530  \\$aAlso available to subscribers via the World Wide Web.
=540  \\$aCurrent copyright fee: GBP43.00$c2\0$5Uk
=650  \0$aMunicipal water supply$vPeriodicals.
=776  0\$tUrban water journal (Online)$x1744-9006
=852  41$aBritish Library$bDSC$j9123.753500$3Vol. 1, no. 1 (2004), v. 2, no. 1 (2005)-v. 5, no. 4 (2008)
=852  71$aBritish Library$bSTI$k(P)$hSL 44$m-E(1)$2blsrissc$3Vol. 1 (1994)-v. 2, no. 4 (2000)
=852  41$aBritish Library$bHMNTS$jDZK.9.x.381$3Vol. 3, no. 1/2 (2001)-v. 13 n. 7/8 (Oct./Dec. 2016)
=856  \\$31850-9999$uhttp://www.tandfonline.com/$xBLDSS
=945  \\$aUrban water -Amsterdam then London-
=959  \\$fHeld but not currently received
=985  \\$aRecord merged by DQ team
=985  \\$aISSN UK Centre - a separate ISSN record exists for minor title change title: Urban water journal
=ACF  \\$aPrevious copyright fee: GBP21.00$c2\0$e01-jan-2011$fGBP21.00$g0$hP$5Uk
=ACF  \\$aPrevious copyright fee: GBP23.00$c2\0$e01-jan-2012$fGBP23.00$g0$hP$5Uk
=ACF  \\$aPrevious copyright fee: GBP27.00$c2\0$e09-nov-2012$fGBP27.00$g0$hP$5Uk
=ACF  \\$aPrevious copyright fee: GBP27.50$c2\0$e01-jan-2013$fGBP27.50$g0$hP$5Uk
=ACF  \\$aPrevious copyright fee: GBP28.00$c2\0$e01-jan-2014$fGBP28.00$g0$hP$5Uk
=ACF  \\$aPrevious copyright fee: GBP30.00$c2\0$e01-jan-2015$fGBP30.00$g0$hP$5Uk
=ACF  \\$aPrevious copyright fee: GBP34.00$c2\0$e01-jan-2016$fGBP34.00$g0$hP$5Uk
=ACF  \\$aPrevious copyright fee: GBP31.00$c2\0$e01-apr-2016$fGBP31.00$g0$hP$5Uk
=ACF  \\$aPrevious copyright fee: GBP33.00$c2\0$e01-jan-2017$fGBP33.00$g0$hP$5Uk
=ACF  \\$aPrevious copyright fee: GBP35.00$c2\0$e01-jan-2018$fGBP35.00$g0$hP$5Uk
=ACF  \\$aPrevious copyright fee: GBP37.00$c2\0$e01-jan-2019$fGBP37.00$g0$hP$5Uk
=ACF  \\$aPrevious copyright fee: GBP39.00$c2\0$e01-jan-2020$fGBP39.00$g0$hP$5Uk
=CAT  \\$aCONV$b00$c20040425$lBLL90$h0712
=CAT  \\$aIPL-CLA$c20131231$lBLL01$h2215
=CAT  \\$aBATCH-CLA$b00$c20140125$lBLL01$h1319
=CAT  \\$aBATCH-CLA$c20140225$lBLL01$h2317
=CAT  \\$aWR14_140$c20140905$lBLL01$h1747
=CAT  \\$aBATCH-UPD$b00$c20141124$lBLL01$h1752
=CAT  \\$aBLDSS-3PM$b00$c20141130$lBLL01$h1247
=CAT  \\$aIPL-CLA$c20141231$lBLL01$h1647
=CAT  \\$aBATCH-UPD$b00$c20151119$lBLL01$h1533
=CAT  \\$aIPL-CLA$c20151231$lBLL01$h1915
=CAT  \\$a5552$b40$c20160303$lBLL01$h0923
=CAT  \\$aIPL-CLA$c20160331$lBLL01$h1715
=CAT  \\$aBATCH-UPD$b00$c20160413$lBLL01$h1812
=CAT  \\$aBATCH-UPD$b00$c20160620$lBLL01$h0150
=CAT  \\$aBATCH-UPD$b00$c20161122$lBLL01$h1504
=CAT  \\$aIPL-CLA$c20161230$lBLL01$h2015
=CAT  \\$aBATCH-UPD$b00$c20171121$lBLL01$h1654
=CAT  \\$aIPL-CLA$c20171231$lBLL01$h1542
=CAT  \\$aBATCH-UPD$b00$c20181217$lBLL01$h1644
=CAT  \\$aIPL-CLA$c20181231$lBLL01$h1538
=CAT  \\$aBATCH-UPD$b00$c20191122$lBLL01$h1906
=CAT  \\$aIPL-CLA$c20191231$lBLL01$h1850
=CAT  \\$aBATCH-UPD$b00$c20201118$lBLL01$h1340
=CAT  \\$aIPL-CLA$c20201231$lBLL01$h1525
=CAT  \\$aBATCH-UPD$b00$c20221121$lBLL01$h1338
=CAT  \\$aIPL-CLA$c20221231$lBLL01$h1441
=CFI  0\$aCurrent copyright fee: GBP43.00$c2\0$e01-jan-2023$fGBP43.00$g0$hP$5Uk
=CFI  2\$aPrevious copyright fee: GBP41.00$c2\0$e01-jan-2021$fGBP41.00$g0$hP$5Uk
=FFP  \\$aY$bBLDSS-3PM
=FIN  \\$aY$d20060509
=FMT  \\$a  SE
=LAS  \\$aIPL-CLA$b00$c20221231$lBLL01$h1441
=LEO  \\$aMP10.0000596912
=LEO  \\$aMP5.0001452641
=LEO  \\$aMP22.0000057605
=LEO  \\$aMP25.0000337360
=LKR  \\$aPAR$b013363959$lBLL01$r776$mUrban water.$nUrban water journal
=SRC  \\$aDSS01$bbibmp10.200404.2.aa
=SRC  \\$aBNB03$bbibmp5.200404.2.ac
=SRC  \\$aISN01$bbibmp22.200404.2.aa
=SRC  \\$aSRI01$bbibmp25.200404.2.aa
=TCO  \\$aNLD$bSTICHTING REPRORECHT$c008
=TOC  \\$aETOC

