=LDR  04839cai a2201201 a 4500
=001  011174226
=003  Uk
=005  20221231201206.0
=006  aa\\\|||||||||||||
=007  td
=008  820330d19821994enkmr\l\\f\\\\0\\\a2eng\\
=015  \\$aGB8224769$2bnb
=019  y\$aB8224769
=019  9\$ab8224769
=019  c\$a2213204
=019  1\$ab8224769
=022  0\$a0262-3226
=039  0\$a1700
=040  \\$aUk$beng$cUk$dUk
=042  \\$aukblsr
=043  \\$ae-uk---
=050  00$aT55.A1
=082  04$a614.8520941$218
=082  04$a363.110941$219
=210  0\$aInd. saf. data file
=222  \0$aIndustrial safety data file
=245  00$aIndustrial safety data file.
=260  \\$aLondon :$bUnited Trade Press,$c[1982]-94.
=300  \\$a6 v. :$bill. ;$c30 cm.
=310  \\$aMonthly
=336  \\$atext$2rdacontent
=337  \\$aunmediated$2rdamedia
=338  \\$avolume$2rdacarrier
=362  0\$a[Jan. 1982]-
=500  \\$aDescription based on: Mar. 1982.
=540  \\$aCurrent Copyright Fee: GBP25.00$c0$5Uk
=555  \\$aRevised index published every six months.
=580  \\$aContinues: Industrial safety.
=595  \\$aFORMERLY 4462.25 UP TO VOL. 27, 1981 CONTD AS 4274.84608N.
=650  \0$aIndustrial safety$xPeriodicals.$zGreat Britain
=653  \\$aGreat Britain$aIndustrial safety$aSerials
=730  0\$aIndustrial safety,$x0019-8757.
=780  00$tIndustrial safety$x0019-8757
=785  00$tHealth & Safety data file$x1354-1390
=852  11$aBritish Library$bSTI$k(B)$h363.11
=852  41$aBritish Library$bDSC$cV$j4462.330000$3JAN. 1982- [1992] *A=1
=852  11$aBritish Library$bSTI$k(B)$h363.11$31982-1997***Accession number 562878009
=852  41$aBritish Library$bHMNTS$jP.523/1652$3Holdings: February 1982-
=945  \\$aINDUSTRIAL SAFETY DATA FILE.
=959  \\$fHeld but not currently received
=963  \\$aJAN. 1982- FEB. 1994 *A=1$bN$cL229.B.549
=985  \\$aCorrected by BSS-generated file for WR# 10/166. Merged and converted to integrating resource record without sight of original, 23/11/10, CS. Separated from ISSN record (incompatible with integrating format) DO NOT MERGE WITH ISSN RECORD on #015700287
=A02  \\$a2213204
=ACF  \\$aPrevious copyright fee: GBP5.00$c0$e01-jul-2002$fGBP5.00$g0$hC$5Uk
=ACF  \\$aCurrent copyright fee: GBP2.50$c0$e01-jul-1998$fGBP2.50$g0$hC$5Uk
=ACF  \\$aCurrent copyright fee: GBP2.30$c0$e01-apr-1997$fGBP2.30$g0$hC$5Uk
=ACF  \\$aPrevious copyright fee: GBP10.50$c0$e01-jan-2011$fGBP10.50$g0$hA$5Uk
=ACF  \\$aPrevious copyright fee: GBP12.00$c0$e01-jan-2012$fGBP12.00$g0$hA$5Uk
=ACF  \\$aPrevious Copyright Fee: GBP12.30$c0$e01-jan-2014$fGBP12.30$g0$hA$5Uk
=ACF  \\$aPrevious Copyright Fee: GBP15.00$c0$e01-jan-2017$fGBP15.00$g0$hA$5Uk
=ACF  \\$aPrevious Copyright Fee: GBP17.50$c0$e01-jan-2018$fGBP17.50$g0$hA$5Uk
=ACF  \\$aPrevious Copyright Fee: GBP20.00$c0$e01-jan-2020$fGBP20.00$g0$hA$5Uk
=CAT  \\$aWR09-126
=CAT  \\$aBATCH$b00$c20091214$lBLL01$h0644
=CAT  \\$aBATCH$b00$c20091216$lBLL01$h0158
=CAT  \\$a8124$b40$c20101123$lBLL01$h1437
=CAT  \\$a8124$b40$c20101123$lBLL01$h1449
=CAT  \\$a8124$b40$c20101123$lBLL01$h1450
=CAT  \\$aBATCH-UPD$b40$c20101201$lBLL01$h1239
=CAT  \\$aIPL-CLA$c20101231$lBLL01$h1423
=CAT  \\$aWR11_203$c20111204$lBLL01$h1435
=CAT  \\$aIPL-CLA$c20111230$lBLL01$h1926
=CAT  \\$aBATCH-CLA$b00$c20121108$lBLL01$h1738
=CAT  \\$aWR13.005$c20130323$lBLL01$h1450
=CAT  \\$aBATCH-CLA$c20131219$lBLL01$h1848
=CAT  \\$aIPL-CLA$c20131231$lBLL01$h2216
=CAT  \\$aWR14_140$c20140905$lBLL01$h1748
=CAT  \\$aBATCH-CLA$b00$c20161222$lBLL01$h1745
=CAT  \\$aIPL-CLA$c20161230$lBLL01$h2016
=CAT  \\$aBATCH-CLA$b00$c20171222$lBLL01$h2055
=CAT  \\$aIPL-CLA$c20171231$lBLL01$h1542
=CAT  \\$aBATCH-CLA$b00$c20191219$lBLL01$h1712
=CAT  \\$aIPL-CLA$c20191231$lBLL01$h1850
=CAT  \\$aR2001-1524$c20200127$lBLL01$h1951
=CAT  \\$aBATCH-CLA$b00$c20201204$lBLL01$h1511
=CAT  \\$aIPL-CLA$c20201231$lBLL01$h2106
=CAT  \\$aBATCH-CLA$b00$c20221221$lBLL01$h1817
=CAT  \\$aIPL-CLA$c20221231$lBLL01$h2012
=CFI  0\$aCurrent Copyright Fee: GBP25.00$c0$e01-jan-2023$fGBP25.00$g0$hA$5Uk
=CFI  2\$aPrevious Copyright Fee: GBP22.50$c0$e01-jan-2021$fGBP22.50$g0$hA$5Uk
=FIN  \\$aY
=FMT  \\$a  SE
=LAS  \\$aIPL-CLA$b00$c20221231$lBLL01$h2012
=LEO  \\$aMP5.0000522736
=LEO  \\$aMP10.0000283018
=LEO  \\$aMP13.0000265954
=LEO  \\$aMP22.0000010263
=SRC  \\$aDSS03$bbibsr.200404.2.aa
=SRC  \\$aBNB03$bbibmp5.200404.2.aa
=SRC  \\$aDSS01$bbibmp10.200404.2.aa
=SRC  \\$aHSS01$bbibmp13.200404.2.aa
=SRC  \\$aISN01$bbibmp22.200404.2.aa
=TCO  \\$aCLA$bCLA$c008

