=LDR  02102cas a2200553 i 4500
=001  011453908
=003  Uk
=005  20211130165119.0
=006  m\\\\||\\d\|\\\\\\
=007  co||||||||||||
=008  961203c199u9999xxkfr\\\s\\\\\0\\\a0eng\\
=022  0\$a1366-3232$202
=040  \\$aUk$beng$cUk$erda
=042  \\$aukblsr
=082  04$a025.04$223
=210  0\$aInf. world rev. CDROM
=222  \0$aInformation world review on CDROM
=245  00$aInformation world review.
=246  1\$iMinor title change:$aInformation world review on CD-ROM
=246  1\$aIWR. Information world review (CD-ROM)
=260  \\$aOxford :$bLearned Information Europe
=300  \\$aCD-ROMs ;$c4 3/4 in.
=310  \\$aTwice yearly
=336  \\$atext$2rdacontent
=337  \\$acomputer$2rdamedia
=338  \\$acomputer disc$2rdacarrier
=538  \\$aSystem requirements: IBM compatible PC; Windows; Adobe Acrobat Reader.
=588  \\$aDescription based on: January 1990/December 1991 issue; title printed on disc.
=588  \\$aLatest issue consulted: January 1990/July 1994.
=650  \0$aBusiness information services$vPeriodicals.
=650  \0$aElectronic information resources$vPeriodicals.
=710  2\$aLearned Information Europe,$eissuing body.
=776  0\$iAlso issued in print as:$tInformation world review$x0950-9879
=852  41$aBritish Library$bHMNTS$jED.9.x.219
=985  \\$aMinor title change created to match ISSN title - no issues for that new title.
=CAT  \\$aCONV$b00$c20040425$lBLL90$h0849
=CAT  \\$aCONV$b00$c20040502$lBLL01$h1434
=CAT  \\$aglobal_upd$b40$c20060417$lBLL01$h1817
=CAT  \\$aBATCH$b00$c20091210$lBLL01$h0502
=CAT  \\$aBATCH$b00$c20091214$lBLL01$h0705
=CAT  \\$a3072$b40$c20211130$lBLL01$h1645
=CAT  \\$a3072$b40$c20211130$lBLL01$h1651
=FIN  \\$aY
=FMT  \\$a  SE
=LAS  \\$a3072$b40$c20211130$lBLL01$h1651
=LEO  \\$aMP22.0000052868
=LKR  \\$aPAR$b010192112$lBLL01$r776$mInformation world review on CDROM$nInformation world review (Print)
=SRC  \\$aISN01$bbibmp22.200404.2.aa
=TCO  \\$aCLA$bCLA$c008

