=LDR  06750aas a2201309 i 4500
=001  011454174
=003  Uk
=005  20140804101438.0
=007  ta
=008  970212d19402014enkdr\n\\\\\\\0\\\a0eng\\
=022  1\$a1367-0603$y1367-059X$202
=040  \\$aUk$beng$cUk$dUk$erda
=042  \\$aukblsr
=082  04$a072.85$223$qUK-WkNB
=130  0\$aEvening gazette (Middlesbrough, England)
=222  \0$aEvening gazette. Late final
=245  10$aEvening gazette.
=250  \\$aLate final.
=264  \1$a[Middlesbrough] :$b[North Eastern Evening Gazette Ltd],$c[1940]-2014.
=264  31$aMiddlesbrough :$b[Gazette Media Company]
=300  \\$billustrations (black and white, and colour), maps (colour) ;$c37 cm
=310  \\$aDaily (except Sun.)
=336  \\$atext$2rdacontent
=337  \\$aunmediated$2rdamedia
=338  \\$avolume$2rdacarrier
=362  1\$aBegan with 14 Nov. 1940 issue.
=362  0\$a-Saturday, June 28, 2014.
=500  \\$aNot all issues have an edition statement.
=525  \\$aIncludes supplements.
=540  \\$aBritish Library not licensed to copy$c0$5Uk
=588  \\$aDescription based on final issue.
=651  \0$aMiddlesbrough (England)$vNewspapers.
=651  \0$aTeesside (England)$vNewspapers.
=651  \0$aCleveland (England)$vNewspapers.
=752  \\$aEngland$bCleveland$dMiddlesbrough.$2blnpn
=780  00$tNorth Eastern gazette
=785  00$tGazette (Middlesbrough, England)$x2056-6131
=787  0\$tEvening gazette. Final$c(Middlesbrough)$x1367-059X
=852  41$31940-1985$aBritish Library$bNPL$jNEWS435
=852  41$32010-28th Jun. (2014)$aBritish Library$bNPL$jNEWS.REG94
=866  \\$aNewspapers: 14 Nov. 1940-28 June 2014; Print issues are not available for conservation reasons where an alternative format exists. See separate record for microfilm holdings.
=985  \\$a'Evening gazette late final' and 'Evening gazette final' (published on Saturdays) are stored and filmed together
=985  \\$aCorrected by MS generated file for WR# 12.018
=985  \\$aPreviously '010819575' this ISSN created in error but paper printing this so have left admin here.
=ACF  \\$aBritish Library not licensed to copy$c0$e01-apr-2012$hC$iCLA Excluded$5Uk
=ACF  \\$aBritish Library not licensed to copy$c0$e01-jan-2012$hC$iCLA Excluded$5Uk
=ACF  \\$aBritish Library not licensed to copy$c0$e01-oct-2011$hC$iCLA Excluded$5Uk
=ACF  \\$aBritish Library not licensed to copy$c0$e01-jul-2011$hC$iCLA Excluded$5Uk
=ACF  \\$aBritish Library not licensed to copy$c0$e01-apr-2011$hC$iCLA Excluded$5Uk
=ACF  \\$aBritish Library not licensed to copy$c0$e01-jan-2011$hC$iCLA Excluded$5Uk
=ACF  \\$aBritish Library not licensed to copy$c0$e01-oct-2010$hC$iCLA Excluded$5Uk
=ACF  \\$aBritish Library not licensed to copy$c0$e01-jul-2010$hC$iCLA Excluded$5Uk
=ACF  \\$aBritish Library not licensed to copy$c0$e01-apr-2010$hC$iCLA Excluded$5Uk
=ACF  \\$aBritish Library not licensed to copy$c0$e01-Jan-2010$hC$iCLA Excluded$5Uk
=ACF  \\$aBritish Library not licensed to copy$c0$e01-oct-2009$hC$iCLA Excluded$5Uk
=ACF  \\$aBritish Library not licensed to copy$c0$e01-jul-2009$hC$iCLA Excluded$5Uk
=ACF  \\$aBritish Library not licensed to copy$c0$e01-apr-2009$hC$iCLA Excluded$5Uk
=ACF  \\$aBritish Library not licensed to copy$c0$e01-jan-2009$hC$iCLA Excluded$5Uk
=ACF  \\$aBritish Library not licensed to copy$c0$e01-oct-2008$hC$iCLA Excluded$5Uk
=ACF  \\$aBritish Library not licensed to copy$c0$e01-jul-2008$hC$iCLA Excluded$5Uk
=ACF  \\$aBritish Library not licensed to copy$c0$e01-apr-2008$hC$iCLA Excluded$5Uk
=ACF  \\$aBritish Library not licensed to copy$c0$e01-jan-2008$hC$iCLA Excluded$5Uk
=ACF  \\$aBritish Library not licensed to copy$c0$e01-oct-2007$hC$iCLA Excluded$5Uk
=ACF  \\$aBritish Library not licensed to copy$c0$e01-jul-2007$hC$iCLA Excluded$5Uk
=ACF  \\$aBritish Library not licensed to copy$c0$e01-apr-2007$hC$iCLA Excluded$5Uk
=ACF  \\$aBritish Library not licensed to copy$c0$e01-jan-2007$hC$iCLA Excluded$5Uk
=ACF  \\$aBritish Library not licensed to copy$c0$e01-oct-2006$hC$iCLA Excluded$5Uk
=ACF  \\$aBritish Library not licensed to copy$c0$e01-jul-2006$hC$iCLA Excluded$5Uk
=ACF  \\$aBritish Library not licensed to copy$c0$e01-apr-2006$hC$iCLA Excluded$5Uk
=ACF  \\$aBritish Library not licensed to copy$c0$e01-jan-2006$hC$iCLA Excluded$5Uk
=ACF  \\$aBritish Library not licensed to copy$c0$e01-oct-2005$hC$iCLA Excluded$5Uk
=ACF  \\$aBritish Library not licensed to copy$c0$e01-jul-2005$hC$iCLA Excluded$5Uk
=ACF  \\$aBritish Library not licensed to copy$c0$e01-apr-2005$hC$iCLA Excluded$5Uk
=ACF  \\$aBritish Library not licensed to copy$c0$e01-jul-2012$hC$iCLA Excluded$5Uk
=CAT  \\$aCONV$b00$c20040425$lBLL90$h0849
=CAT  \\$aIPL-CLA$c20110630$lBLL01$h1534
=CAT  \\$aADD-NID$b00$c20110805$lBLL01$h1425
=CAT  \\$aBATCH-CLA$b00$c20110831$lBLL01$h1815
=CAT  \\$aIPL-CLA$c20110930$lBLL01$h1536
=CAT  \\$aBATCH-CLA$b00$c20111130$lBLL01$h1214
=CAT  \\$aIPL-CLA$c20111230$lBLL01$h1928
=CAT  \\$aBATCH-CLA$b00$c20120229$lBLL01$h1627
=CAT  \\$aBATCH-CLA$b00$c20120229$lBLL01$h1628
=CAT  \\$aIPL-CLA$c20120330$lBLL01$h1423
=CAT  \\$aBATCH-CLA$b00$c20120531$lBLL01$h1725
=CAT  \\$aIPL-CLA$c20120629$lBLL01$h1021
=CAT  \\$aWR12_095$c20120629$lBLL01$h1841
=CAT  \\$aBLSS-CORR$b00$c20120724$lBLL01$h1758
=CAT  \\$aBATCH-CLA$b00$c20120831$lBLL01$h1554
=CAT  \\$aIPL-CLA$c20120930$lBLL01$h2059
=CAT  \\$aBATCH-CLA$b00$c20121108$lBLL01$h1736
=CAT  \\$aWR12_128$c20121113$lBLL01$h1840
=CAT  \\$c20130924$lBLL01$h1341
=CAT  \\$aBATCH-CLA$b00$c20131129$lBLL01$h1704
=CAT  \\$aIPL-CLA$c20131231$lBLL01$h2219
=CAT  \\$aNPL-LOCK$b77$c20140207$lBLL01$h2151
=CAT  \\$c20140214$lBLL01$h1738
=CAT  \\$a8323N$b50$c20140804$lBLL01$h1011
=CAT  \\$a8323N$b50$c20140804$lBLL01$h1014
=CAT  \\$aBATCH-UPD$b50$c20151202$lBLL01$h0004
=CFI  0\$aBritish Library not licensed to copy$c0$e01-jan-2014$hC$iCFP Excluded$5Uk
=CFI  2\$aBritish Library not licensed to copy$c0$e01-oct-2012$hC$iCFP Excluded$5Uk
=FIN  \\$aY
=FMT  \\$a  SE
=LAS  \\$aBATCH-UPD$b50$c20151202$lBLL01$h0004
=LEO  \\$aMP22.0000053506
=LET  \0$aEvening gazette. Late final
=LKR  \\$aPAR$b013890697$lBLL01$nNorth Eastern gazette$mEvening gazette (Middlesbrough)$r78000
=LKR  \\$aPAR$b011454173$lBLL01$r787$mEvening gazette (Middlesbrough)$nEvening gazette. Final
=NID  \\$aNID0000573
=SRC  \\$aISN01$bbibmp22.200404.2.aa
=TCO  \\$aCLA$bCLA$c008

