=LDR  03610cas a22008297a 4500
=001  011454801
=003  Uk
=005  20170418095836.0
=007  ta
=008  970513c19979999enkdr\n\\\\\\\0\\\a0eng\\
=022  1\$a1368-3837$202
=040  \\$aUk$beng$cUk$dUk
=082  04$a072.338$222
=130  0\$aDaily echo (Bournemouth, England)
=222  \0$aDaily echo$b(Bournemouth)
=245  10$aDaily echo.
=260  \\$aBournemouth :$bSouthern Newspapers
=336  \\$atext$2rdacontent
=337  \\$aunmediated$2rdamedia
=338  \\$avolume$2rdacarrier
=540  \\$aBritish Library not licensed to copy$c0$5Uk
=651  \0$aBournemouth (England)$vNewspapers.
=651  \0$aDorset (England)$vNewspapers.
=787  0\$tAvon advertiser (Wimborne & Ferndown edition)
=787  0\$tChristchurch times (Bournemouth, England : 2017)$x2514-1953
=852  41$32010-$aBritish Library$bNPL$jNEWS.REG89
=866  \\$aNewspapers: No. 27460 (5 Apr. 1997)- ; Print issues are not available for conservation reasons where an alternative format exists. See separate record for microfilm holdings.
=985  \\$aISSN record upgraded to allow accessioning of print newspapers
=ACF  \\$aBritish Library not licensed to copy$c0$e01-apr-2012$hC$iCLA Excluded$5Uk
=ACF  \\$aBritish Library not licensed to copy$c0$e01-jan-2012$hC$iCLA Excluded$5Uk
=ACF  \\$aBritish Library not licensed to copy$c0$e01-oct-2011$hC$iCLA Excluded$5Uk
=ACF  \\$aBritish Library not licensed to copy$c0$e01-jul-2011$hC$iCLA Excluded$5Uk
=ACF  \\$aBritish Library not licensed to copy$c0$e01-jan-2011$hC$iCLA Excluded$5Uk
=ACF  \\$aBritish Library not licensed to copy$c0$e01-oct-2004$hC$iCLA Excluded$5Uk
=ACF  \\$aBritish Library not licensed to copy$c0$e01-jul-2012$hC$iCLA Excluded$5Uk
=CAT  \\$aCONV$b00$c20040425$lBLL90$h0849
=CAT  \\$aNPL-008-N$c20110504$lBLL01$h2202
=CAT  \\$a8323$b40$c20110517$lBLL01$h1317
=CAT  \\$aBATCH-CLA$b00$c20110531$lBLL01$h1651
=CAT  \\$aIPL-CLA$c20110630$lBLL01$h1534
=CAT  \\$aADD-NID$b00$c20110805$lBLL01$h1425
=CAT  \\$aBATCH-CLA$b00$c20110831$lBLL01$h1815
=CAT  \\$aIPL-CLA$c20110930$lBLL01$h1536
=CAT  \\$aWR11_021$c20111124$lBLL01$h1523
=CAT  \\$aWR11_021$c20111124$lBLL01$h1531
=CAT  \\$aBATCH-CLA$b00$c20111130$lBLL01$h1214
=CAT  \\$aIPL-CLA$c20111230$lBLL01$h1929
=CAT  \\$aBATCH-CLA$b00$c20120229$lBLL01$h1628
=CAT  \\$aIPL-CLA$c20120330$lBLL01$h1423
=CAT  \\$aBATCH-CLA$b00$c20120531$lBLL01$h1725
=CAT  \\$aIPL-CLA$c20120629$lBLL01$h1021
=CAT  \\$aWR12_095$c20120629$lBLL01$h1841
=CAT  \\$aBATCH-CLA$b00$c20120831$lBLL01$h1554
=CAT  \\$aIPL-CLA$c20120930$lBLL01$h2059
=CAT  \\$aBATCH-CLA$b00$c20121108$lBLL01$h1736
=CAT  \\$aWR12_128$c20121113$lBLL01$h1840
=CAT  \\$aBATCH-CLA$b00$c20131129$lBLL01$h1704
=CAT  \\$aIPL-CLA$c20131231$lBLL01$h2219
=CAT  \\$aNPL-LOCK$b77$c20140207$lBLL01$h2151
=CAT  \\$c20140214$lBLL01$h1738
=CAT  \\$a8323$b40$c20170418$lBLL01$h0958
=CFI  0\$aBritish Library not licensed to copy$c0$e01-jan-2014$hC$iCFP Excluded$5Uk
=CFI  2\$aBritish Library not licensed to copy$c0$e01-oct-2012$hC$iCFP Excluded$5Uk
=FIN  \\$aY
=FMT  \\$a  SE
=LAS  \\$a8323$b40$c20170418$lBLL01$h0958
=LEO  \\$aMP22.0000054674
=LET  \0$aDaily echo (Bournemouth)
=LKR  \\$aPAR$b013891834$lBLL01$r776$mDaily echo (Bournemouth : Print)$nDaily echo (Bournemouth : Microfilm)
=NID  \\$aNID0000574
=SRC  \\$aISN01$bbibmp22.200404.2.a
=TCO  \\$aCLA$bCLA$c008

