=LDR  03700cas a22007453i 4500
=001  011455767
=003  Uk
=005  20181121083437.0
=006  m\\\\\\\\d\\\\\\\\
=007  co|ug|||||||||
=008  980128c19979999enkbr\\\q\lw\\0\\\a0eng\c
=010  \\$a   98655080 
=022  0\$a1460-9029$202
=035  \\$a(OCoLC)ocm38279983
=040  \\$aNAlLS$beng$cNAlLS$dArLUA-L$dDLC$dOCoLC$dInU$dOCoLC$dUk
=042  \\$aukblsr
=043  \\$ae------
=050  00$aKJE949
=082  04$a341.2422$222
=210  0\$aEur. Union law libr.$b(CD-ROM)
=222  \0$aEuropean Union law library$b(CD-ROM)
=245  00$aEuropean Union law library$h[electronic resource].
=246  1\$iContainer for 03/2014 issue has title:$aEuropean Union law reporter
=246  1\$iAt head of first screen:$aCCH's European Union law library
=260  \\$aBicester :$bCCH Editions.
=260  \\$aBicester, England :$bCCH Editions Ltd.,$c1998-
=264  31$3<2014->$a[London] :$bSweet & Maxwell
=300  \\$aCD-ROMs ;$c4 3/4 in.
=310  \\$aSix issues yearly
=321  \\$aMonthly
=336  \\$atext$2rdacontent
=337  \\$acomputer$2rdamedia
=338  \\$acomputer disc$2rdacarrier
=362  0\$aLaunch 11/97 issue-
=500  \\$aIncludes full text reports of cases from the Court of Justice of the European Communities and the Court of First Instance and decisions of the European Commission.
=500  \\$aTitle from disc label.
=538  \\$aSystem requirements: IBM compatible PC 386 or higher; MS-DOS 5.0 or later; Microsoft Windows 3.1 or later; 5-8 MB free hard disk space; 4 MB RAM (8 MB RAM recommended); CD-ROM drive.
=588  \\$aLatest issue consulted: issue 03/2014.
=650  \0$aLaw$zEuropean Union countries.$vHandbooks, manuals, etc.
=650  \0$aLaw reports, digests, etc.$zEuropean Union countries.$vHandbooks, manuals, etc.
=787  0\$tEuropean Community cases$x0954-710X
=787  0\$tEU focus$x1368-907X
=787  0\$tEuropean Union law reporter
=852  41$aBritish Library$bHMNTS$jEC.9.x.1025$32014:Issue 3-
=985  \\$aSweet & Maxwell Professional catalogue 2014 p.66 "This service ... includes European Union Law Reporter a looseleaf tracking European Union legal and policy developments; European Community Cases a full-text case reporting service of key rulings from the European Court of Justice and the General Court; and EU Focus the 12 times a year magazine"; not clear whether it is the "service" that includes these or this CD-ROM -it's probably the service so 787s added.
=985  \\$a"European Union law library (Print)" on ISSN record; can't find any other library records for print ; suspect that the print product referred to is "European Union law reporter" that comes with the service? so 776 left off for now.
=CAT  \\$aCONV$b00$c20040425$lBLL90$h0849
=CAT  \\$aCONV$b00$c20040502$lBLL01$h1434
=CAT  \\$aglobal_upd$b40$c20060417$lBLL01$h1818
=CAT  \\$aBATCH$b00$c20091210$lBLL01$h0502
=CAT  \\$aBATCH$b00$c20091214$lBLL01$h0705
=CAT  \\$a3072$b40$c20140918$lBLL01$h1434
=CAT  \\$a3072$b40$c20140918$lBLL01$h1448
=CAT  \\$a9667$b40$c20181121$lBLL01$h0834
=FIN  \\$aY
=FMT  \\$a  SE
=LAS  \\$a9667$b40$c20181121$lBLL01$h0834
=LEO  \\$aMP22.0000056700
=LET  \\$aEuropean Union law library(CD-Rom)
=LKR  \\$aPAR$b015750469$lBLL01$r787$mEuropean Union law library$nEuropean Union law reporter .
=LKR  \\$aPAR$b011825742$lBLL01$r787$mEuropean Union law library$nEuropean Community cases
=LKR  \\$aPAR$b007249228$lBLL01$r787$mEuropean Union law library$nEU focus
=SID  \\$aZ39$bLOC
=SRC  \\$aISN01$bbibmp22.200404.2.aa
=TCO  \\$aCLA$bCLA$c008

