=LDR  06330cai a2201261 a 4500
=001  011457695
=003  Uk
=005  20230930080530.0
=007  td
=008  030507d1992200uenkfr\l\\f\\\\0\\\a2eng\\
=019  c\$a2458877
=020  \\$a0582087155 :$c£140.00
=022  0\$a1467-0445
=040  \\$aUk$beng$cUk$dUk
=042  \\$aukblsr
=082  04$a344.404632$221
=100  1\$aHaigh, Nigel.
=210  0\$aMan. environ. policy
=222  \0$aManual of environmental policy
=245  10$aManual of environmental policy :$bthe EC and Britain /$cNigel Haigh.
=246  1\$aManual of environmental policy :$iFrom 1999 subtitle change :$bthe EU and Britain
=260  \\$aHarlow :$bLongman in association with the Institute for European Environmental Policy, London,$c1992-
=260  2\$31999-2002$aLondon :$bElsevier Science [and] the Institute for European Environmental Policy
=260  3\$32003-$aLeeds :$bManey Publishing [and] the Institute for European Environmental Policy
=300  \\$a1 v. (loose-leaf) ;$c27cm.
=310  \\$aUpdated semiannually
=336  \\$atext$2rdacontent
=337  \\$aunmediated$2rdamedia
=338  \\$avolume$2rdacarrier
=500  \\$aDescription based on: Work updated to release 36 (Dec. 2009).
=540  \\$aCurrent copyright fee: GBP37.00$c2\0$5Uk
=650  \0$aEnvironmental law$zGreat Britain$vHandbooks, manuals, etc.
=650  \0$aEnvironmental policy$zGreat Britain$vHandbooks, manuals, etc.
=650  \0$aEnvironmental law$zEuropean Economic Community countries$vHandbooks, manuals, etc.
=650  \0$aEnvironmental policy$zEuropean Union countries$vHandbooks, manuals, etc.
=710  2\$aInstitute for European Environmental Policy.
=776  0\$tManual of environmental policy$c(Online)$x1740-3529
=852  11$aBritish Library$bSTI$k(B)$h344.404632
=852  41$aBritish Library$bDSC$cV$j5363.506000$3Release 1 (1992)-release 36 (2009)
=856  \\$31850-9999$uhttp://www.tandfonline.com/$xBLDSS
=945  \\$aMANUAL OF ENVIRONMENTAL POLICY.
=959  \\$fCurrently received
=985  \\$aDo not merge with #015540217 Int. Res. records should not be merged with ISSN records CS 27/4/10
=A02  \\$a2458877
=ACF  \\$aPrevious Copyright Fee: GBP30.00$c0$e01-apr-2012$fGBP30.00$g0$hC$5Uk
=ACF  \\$aPrevious Copyright Fee: GBP30.00$c0$e01-jan-2012$fGBP30.00$g0$hC$5Uk
=ACF  \\$aBritish Library not licensed to copy$c0$e01-oct-2011$hC$iCLA Excluded$5Uk
=ACF  \\$aBritish Library not licensed to copy$c0$e01-jul-2011$hC$iCLA Excluded$5Uk
=ACF  \\$aPrevious Copyright Fee: GBP30.00$c0$e01-apr-2011$fGBP30.00$g0$hC$5Uk
=ACF  \\$aPrevious Copyright Fee: GBP18.00$c0$e01-jan-2011$fGBP18.00$g0$hC$5Uk
=ACF  \\$aPrevious Copyright Fee: GBP18.00$c0$e01-oct-2010$fGBP18.00$g0$hC$5Uk
=ACF  \\$aPrevious Copyright Fee: GBP18.00$c0$e01-jul-2010$fGBP18.00$g0$hC$5Uk
=ACF  \\$aPrevious Copyright Fee: GBP18.00$c0$e01-apr-2010$fGBP18.00$g0$hC$5Uk
=ACF  \\$aPrevious Copyright Fee: GBP18.00$c0$e01-Jan-2010$fGBP18.00$g0$hC$5Uk
=ACF  \\$aPrevious Copyright Fee: GBP18.00$c0$e01-jan-2009$fGBP18.00$g0$hC$5Uk
=ACF  \\$aBritish Library not licensed to copy$c0$e01-oct-2008$hC$iCLA Excluded$5Uk
=ACF  \\$aPrevious Copyright Fee: GBP18.00$c0$e01-jan-2008$fGBP18.00$g0$hC$5Uk
=ACF  \\$aPrevious Copyright Fee: GBP18.00$c0$e01-jul-2006$fGBP18.00$g0$hC$5Uk
=ACF  \\$aPrevious Copyright Fee: GBP15.00$c0$e01-apr-2006$fGBP15.00$g0$hC$5Uk
=ACF  \\$aPrevious Copyright Fee: GBP9.00$c0$e01-oct-2004$fGBP9.00$g0$hC$5Uk
=ACF  \\$aPrevious copyright fee: GBP5.00$c0$e01-jan-2003$fGBP5.00$g0$hA$5Uk
=ACF  \\$aCurrent copyright fee: GBP15.00$c5\4$e01-jul-2002$fGBP15.00$g0$hP$5Uk
=ACF  \\$aCurrent copyright fee: GBP13.50$c5\4$e01-jan-2002$fGBP13.50$g0$hP$5Uk
=ACF  \\$aPrevious Copyright Fee: GBP30.00$c0$e01-jul-2012$fGBP30.00$g0$hC$5Uk
=ACF  \\$aPrevious Copyright Fee: GBP31.63$c0$e01-jan-2013$fGBP31.63$g0$hC$5Uk
=ACF  \\$aPrevious Copyright Fee: GBP30.00$c0$e01-oct-2012$fGBP30.00$g0$hC$5Uk
=ACF  \\$aPrevious copyright fee: GBP28.00$c47\0$e01-jan-2017$fGBP28.00$g0$hP$5Uk
=ACF  \\$aPrevious copyright fee: GBP26.00$c47\0$e22-jan-2016$fGBP26.00$g0$hP$5Uk
=ACF  \\$aPrevious copyright fee: GBP32.00$c47\0$e14-jan-2019$fGBP32.00$g0$hP$5Uk
=ACF  \\$aPrevious copyright fee: GBP34.00$c47\0$e01-jan-2020$fGBP34.00$g0$hP$5Uk
=ACF  \\$aPrevious copyright fee: GBP35.00$c47\0$e01-jan-2021$fGBP35.00$g0$hP$5Uk
=CAT  \\$aCONV$b00$c20040425$lBLL90$h0850
=CAT  \\$aBATCH-CLA$b00$c20120531$lBLL01$h1722
=CAT  \\$aIPL-CLA$c20120629$lBLL01$h1022
=CAT  \\$aBATCH-CLA$b00$c20120831$lBLL01$h1546
=CAT  \\$aIPL-CLA$c20120930$lBLL01$h2101
=CAT  \\$aBATCH-CLA$b00$c20121108$lBLL01$h1736
=CAT  \\$aBATCH-CLA$b00$c20121130$lBLL01$h1248
=CAT  \\$aIPL-CLA$c20121231$lBLL01$h1303
=CAT  \\$aIPL-CLA$c20130102$lBLL01$h1715
=CAT  \\$a7778$b40$c20130220$lBLL01$h1211
=CAT  \\$aWR13.005$c20130329$lBLL01$h1222
=CAT  \\$a5552$b40$c20160122$lBLL01$h1156
=CAT  \\$aBLDSS-3PM$b00$c20160201$lBLL01$h1812
=CAT  \\$aBATCH-UPD$b00$c20160413$lBLL01$h1813
=CAT  \\$aBATCH-UPD$b00$c20161122$lBLL01$h1542
=CAT  \\$aBATCH-UPD$b00$c20161122$lBLL01$h1817
=CAT  \\$aIPL-CLA$c20161230$lBLL01$h2020
=CAT  \\$a5552$b40$c20190114$lBLL01$h1151
=CAT  \\$aBATCH-UPD$b40$c20191122$lBLL01$h1920
=CAT  \\$aIPL-CLA$c20191231$lBLL01$h1852
=CAT  \\$aBATCH-UPD$b00$c20201118$lBLL01$h1354
=CAT  \\$aIPL-CLA$c20201231$lBLL01$h1526
=CAT  \\$aBATCH-UPD$b00$c20221121$lBLL01$h1429
=CAT  \\$aIPL-CLA$c20221231$lBLL01$h1442
=CAT  \\$aR2308-1440$c20230824$lBLL01$h0927
=CAT  \\$aIPL-CLA$c20230930$lBLL01$h0805
=CFI  0\$aCurrent copyright fee: GBP37.00$c2\0$e01-oct-2023$fGBP37.00$g0$hP$5Uk
=CFI  2\$aPrevious copyright fee: GBP37.00$c47\0$e01-jan-2023$fGBP37.00$g0$hP$5Uk
=FFP  \\$aY$bBLDSS-3PM
=FIN  \\$aY
=FMT  \\$a  SE
=LAS  \\$aIPL-CLA$b00$c20230930$lBLL01$h0805
=LEO  \\$aMP10.0000357728
=LKR  \\$aPAR$b012914507$lBLL01$r776$mManual of environmental policy$nManual of environmental policy (Online)
=SRC  \\$aDSS01$bbibmp10.200404.2.aa
=TCO  \\$aCLA$bCLA$c008
=TOC  \\$aETOC

