=LDR  01177 as a22003613i 4500
=001  011457822
=003  Uk
=005  20100205102459.0
=007  ta
=008  000306c19999999enkmr2p\\\\\\\0\\\a0eng\\
=022  0\$a1467-5226$202
=040  \\$aUk$cUk
=210  0\$aFunland$b(Exeter)
=222  \0$aFunland$b(Exeter)
=245  00$aFunland
=260  \\$a[Exeter] :$bEuropa Magazines Ltd.
=336  \\$atext$2rdacontent
=337  \\$aunmediated$2rdamedia
=338  \\$avolume$2rdacarrier
=852  41$aBritish Library$bHMNTS
=985  \\$aInformational from publisher. Title ceased Aug 2007, due to be relaunched 23.4.10. Copy to be sent in to update catalogue record. See correspondence. ISSN UK Centre. 5.2.10.
=CAT  \\$aCONV$b00$c20040425$lBLL90$h0850
=CAT  \\$aCONV$b00$c20040502$lBLL01$h1434
=CAT  \\$aglobal_upd$b40$c20060417$lBLL01$h1818
=CAT  \\$aBATCH$b00$c20091210$lBLL01$h0503
=CAT  \\$aBATCH$b00$c20091214$lBLL01$h0706
=CAT  \\$a7152$b40$c20100205$lBLL01$h1024
=FIN  \\$aY
=FMT  \\$a  SE
=LAS  \\$a7152$b40$c20100205$lBLL01$h1024
=LEO  \\$aMP22.0000061859
=SRC  \\$aISN01$bbibmp22.200404.2.aa
=TCO  \\$aCLA$bCLA$c008

