=LDR  05432cas a22010937a 4500
=001  011458270
=003  Uk
=005  20110519093804.0
=007  ta
=008  991004c19979999enkwr\n\\\\\\\0\\\a0eng\\
=022  1\$a1468-6368$202
=040  \\$aUk$beng$cUk$dUk
=082  04$a072.839$222
=222  \0$aGoole times
=245  00$aGoole times.
=260  \\$aGoole :$bChronicle Publications
=310  \\$aWeekly
=336  \\$atext$2rdacontent
=337  \\$aunmediated$2rdamedia
=338  \\$avolume$2rdacarrier
=540  \\$aBritish Library not licensed to copy$c0$5Uk
=651  \0$aEast Riding of Yorkshire (England)$vNewspapers.
=651  \0$aGoole (England)$vNewspapers.
=651  \0$aHumberside (England)$vNewspapers.
=752  \\$aEngland$bHumberside$dGoole.$2blnpn
=852  \\$32010-$aBritish Library$bNPL$jNEWS.REG1249
=866  \\$aPRINT NOT AVAILABLE FOR CONSERVATION REASONS, MICROFILM IS AVAILABLE.
=985  \\$aISSN record upgraded to allow accessioning of print newspapers
=ACF  \\$aBritish Library not licensed to copy$c0$e01-apr-2012$hC$iCLA Excluded$5Uk
=ACF  \\$aBritish Library not licensed to copy$c0$e01-jan-2012$hC$iCLA Excluded$5Uk
=ACF  \\$aBritish Library not licensed to copy$c0$e01-oct-2011$hC$iCLA Excluded$5Uk
=ACF  \\$aBritish Library not licensed to copy$c0$e01-jul-2011$hC$iCLA Excluded$5Uk
=ACF  \\$aBritish Library not licensed to copy$c0$e01-apr-2011$hC$iCLA Excluded$5Uk
=ACF  \\$aBritish Library not licensed to copy$c0$e01-jan-2011$hC$iCLA Excluded$5Uk
=ACF  \\$aBritish Library not licensed to copy$c0$e01-oct-2010$hC$iCLA Excluded$5Uk
=ACF  \\$aBritish Library not licensed to copy$c0$e01-jul-2010$hC$iCLA Excluded$5Uk
=ACF  \\$aBritish Library not licensed to copy$c0$e01-apr-2010$hC$iCLA Excluded$5Uk
=ACF  \\$aBritish Library not licensed to copy$c0$e01-Jan-2010$hC$iCLA Excluded$5Uk
=ACF  \\$aBritish Library not licensed to copy$c0$e01-oct-2009$hC$iCLA Excluded$5Uk
=ACF  \\$aBritish Library not licensed to copy$c0$e01-jul-2009$hC$iCLA Excluded$5Uk
=ACF  \\$aBritish Library not licensed to copy$c0$e01-apr-2009$hC$iCLA Excluded$5Uk
=ACF  \\$aBritish Library not licensed to copy$c0$e01-jan-2009$hC$iCLA Excluded$5Uk
=ACF  \\$aBritish Library not licensed to copy$c0$e01-oct-2008$hC$iCLA Excluded$5Uk
=ACF  \\$aBritish Library not licensed to copy$c0$e01-jul-2008$hC$iCLA Excluded$5Uk
=ACF  \\$aBritish Library not licensed to copy$c0$e01-apr-2008$hC$iCLA Excluded$5Uk
=ACF  \\$aBritish Library not licensed to copy$c0$e01-jan-2008$hC$iCLA Excluded$5Uk
=ACF  \\$aBritish Library not licensed to copy$c0$e01-oct-2007$hC$iCLA Excluded$5Uk
=ACF  \\$aBritish Library not licensed to copy$c0$e01-jul-2007$hC$iCLA Excluded$5Uk
=ACF  \\$aBritish Library not licensed to copy$c0$e01-apr-2007$hC$iCLA Excluded$5Uk
=ACF  \\$aBritish Library not licensed to copy$c0$e01-jan-2007$hC$iCLA Excluded$5Uk
=ACF  \\$aBritish Library not licensed to copy$c0$e01-oct-2006$hC$iCLA Excluded$5Uk
=ACF  \\$aBritish Library not licensed to copy$c0$e01-jul-2006$hC$iCLA Excluded$5Uk
=ACF  \\$aBritish Library not licensed to copy$c0$e01-apr-2006$hC$iCLA Excluded$5Uk
=ACF  \\$aBritish Library not licensed to copy$c0$e01-jan-2006$hC$iCLA Excluded$5Uk
=ACF  \\$aBritish Library not licensed to copy$c0$e01-oct-2005$hC$iCLA Excluded$5Uk
=ACF  \\$aBritish Library not licensed to copy$c0$e01-jul-2005$hC$iCLA Excluded$5Uk
=ACF  \\$aBritish Library not licensed to copy$c0$e01-apr-2005$hC$iCLA Excluded$5Uk
=ACF  \\$aBritish Library not licensed to copy$c0$e01-jul-2012$hC$iCLA Excluded$5Uk
=CAT  \\$aCONV$b00$c20040425$lBLL90$h0850
=CAT  \\$aIPL-CLA$c20110331$lBLL01$h1455
=CAT  \\$aNPL-008-N$c20110504$lBLL01$h2202
=CAT  \\$a8323$b40$c20110519$lBLL01$h0938
=CAT  \\$aBATCH-CLA$b00$c20110531$lBLL01$h1651
=CAT  \\$aIPL-CLA$c20110630$lBLL01$h1534
=CAT  \\$aADD-NID$b00$c20110805$lBLL01$h1425
=CAT  \\$aBATCH-CLA$b00$c20110831$lBLL01$h1816
=CAT  \\$aIPL-CLA$c20110930$lBLL01$h1537
=CAT  \\$aWR11_021$c20111124$lBLL01$h1523
=CAT  \\$aWR11_021$c20111124$lBLL01$h1531
=CAT  \\$aBATCH-CLA$b00$c20111130$lBLL01$h1215
=CAT  \\$aIPL-CLA$c20111230$lBLL01$h1929
=CAT  \\$aBATCH-CLA$b00$c20120229$lBLL01$h1628
=CAT  \\$aIPL-CLA$c20120330$lBLL01$h1424
=CAT  \\$aBATCH-CLA$b00$c20120531$lBLL01$h1726
=CAT  \\$aIPL-CLA$c20120629$lBLL01$h1022
=CAT  \\$aWR12_095$c20120629$lBLL01$h1841
=CAT  \\$aBATCH-CLA$b00$c20120831$lBLL01$h1553
=CAT  \\$aIPL-CLA$c20120930$lBLL01$h2101
=CAT  \\$aBATCH-CLA$b00$c20121108$lBLL01$h1736
=CAT  \\$aWR12_128$c20121113$lBLL01$h1840
=CAT  \\$aBATCH-CLA$b00$c20131129$lBLL01$h1704
=CAT  \\$aIPL-CLA$c20131231$lBLL01$h2220
=CAT  \\$aNPL-LOCK$b77$c20140207$lBLL01$h2151
=CAT  \\$c20140214$lBLL01$h1738
=CFI  0\$aBritish Library not licensed to copy$c0$e01-jan-2014$hC$iCFP Excluded$5Uk
=CFI  2\$aBritish Library not licensed to copy$c0$e01-oct-2012$hC$iCFP Excluded$5Uk
=FIN  \\$aY
=FMT  \\$a  SE
=LAS  \\$c20140214$lBLL01$h1738
=LEO  \\$aMP22.0000062736
=LKR  \\$aPAR$b013891604$lBLL01$r776$mGoole times (Print)$nGoole times (Microfilm)
=NID  \\$aNID0000625
=SRC  \\$aISN01$bbibmp22.200404.2.aa
=TCO  \\$aCLA$bCLA$c008

