=LDR  06329cas a2201405 a 4500
=001  011633429
=003  Uk
=005  20230210005728.0
=006  aac\\|||||||||||||
=007  ta
=008  821122c19829999enkmr\p\\\\\\\0\\\a0eng\\
=015  \\$aGB8238518$2bnb
=019  y\$aB8238518
=019  c\$a2230122
=019  c\$a2228446
=019  9\$ab8238518
=019  0\$as171322002
=022  0\$a1472-2607
=039  0\$a1716
=040  \\$aUk$beng$cUk$dUk
=042  \\$aukblsr
=050  00$aHD39.3
=082  04$a620/.0028$218
=082  04$a620/.0028$219
=082  04$a629.225$221
=084  \\$aVK 58$2blsrissc
=210  0\$aLocal auth. plant veh.
=245  00$aLocal authority plant & vehicles :$bthe specialist plant, vehicles and equipment journal.
=246  3\$aLocal authority plant and vehicles
=246  1\$iMinor title change:$aLAPV. Local authority plant and vehicles
=260  \\$aWatford (32 Vale Rd, Bushey, Watford, Herts.) :$bHamerville for Shannon Business Press,$c1982-
=260  2\$aPeterborough :$bResponse Publishing
=260  3\$aLondon :$bHemming Information Services
=300  \\$av. :$bill (some col.), ports. ;$c29cm.
=310  \\$aMonthly
=336  \\$atext$2rdacontent
=337  \\$aunmediated$2rdamedia
=338  \\$avolume$2rdacarrier
=362  0\$aVol.1, no.1 (June 1982)-
=500  \\$aLatest issue consulted: June 2007.
=515  \\$aVolume numbering ends in 1984.
=540  \\$aCurrent Copyright Fee: GBP25.00$c0$5Uk
=650  \0$aIndustrial equipment$vPeriodicals.
=653  \\$aIndustrial equipment$aSerials
=852  71$aBritish Library$bSTI$k(P)$hVK 58$m-E(4)$2blsrissc$3Vol. 1 [19uu]- [Set incomplete]
=945  \\$aLOCAL AUTHORITY PLANT AND VEHICLES.
=963  \\$aJUNE 1982- SEP. 1989 *A=1$bN$cL433.B.121
=979  \\$aBritish Library$bDSC$j5290.007700N
=985  \\$aNOTE: DO NOT MERGE WITH ISSN RECORDS - TITLE SEQUENCE IS DIFFERENT DUE TO A CHANGE IN THE RULES. Use this record for Accessioning "LAPV".
=ACF  \\$aPrevious Copyright Fee: GBP12.00$c0$e01-apr-2012$fGBP12.00$g0$hC$5Uk
=ACF  \\$aPrevious Copyright Fee: GBP12.00$c0$e01-jan-2012$fGBP12.00$g0$hC$5Uk
=ACF  \\$aPrevious Copyright Fee: GBP10.50$c0$e01-oct-2011$fGBP10.50$g0$hC$5Uk
=ACF  \\$aPrevious Copyright Fee: GBP10.50$c0$e01-jul-2011$fGBP10.50$g0$hC$5Uk
=ACF  \\$aPrevious Copyright Fee: GBP10.50$c0$e01-apr-2011$fGBP10.50$g0$hC$5Uk
=ACF  \\$aPrevious Copyright Fee: GBP10.50$c0$e01-jan-2011$fGBP10.50$g0$hC$5Uk
=ACF  \\$aPrevious Copyright Fee: GBP9.00$c0$e01-oct-2010$fGBP9.00$g0$hC$5Uk
=ACF  \\$aPrevious Copyright Fee: GBP9.00$c0$e01-jul-2010$fGBP9.00$g0$hC$5Uk
=ACF  \\$aPrevious Copyright Fee: GBP9.00$c0$e01-apr-2010$fGBP9.00$g0$hC$5Uk
=ACF  \\$aPrevious Copyright Fee: GBP9.00$c0$e01-Jan-2010$fGBP9.00$g0$hC$5Uk
=ACF  \\$aPrevious Copyright Fee: GBP6.00$c0$e01-oct-2009$fGBP6.00$g0$hC$5Uk
=ACF  \\$aPrevious Copyright Fee: GBP6.00$c0$e01-jul-2009$fGBP6.00$g0$hC$5Uk
=ACF  \\$aPrevious Copyright Fee: GBP6.00$c0$e01-apr-2009$fGBP6.00$g0$hC$5Uk
=ACF  \\$aPrevious Copyright Fee: GBP6.00$c0$e01-jan-2009$fGBP6.00$g0$hC$5Uk
=ACF  \\$aPrevious Copyright Fee: GBP6.00$c0$e01-oct-2008$fGBP6.00$g0$hC$5Uk
=ACF  \\$aPrevious Copyright Fee: GBP6.00$c0$e01-jul-2008$fGBP6.00$g0$hC$5Uk
=ACF  \\$aPrevious Copyright Fee: GBP6.00$c0$e01-apr-2008$fGBP6.00$g0$hC$5Uk
=ACF  \\$aPrevious Copyright Fee: GBP6.00$c0$e01-jan-2008$fGBP6.00$g0$hC$5Uk
=ACF  \\$aPrevious Copyright Fee: GBP5.00$c0$e01-oct-2007$fGBP5.00$g0$hC$5Uk
=ACF  \\$aPrevious copyright fee: GBP5.00$c0$e01-jul-2002$fGBP5.00$g0$hC$5Uk
=ACF  \\$aCurrent copyright fee: GBP4.40$c0$e01-jul-1998$fGBP4.40$g0$hA$5Uk
=ACF  \\$aCurrent copyright fee: GBP4.20$c0$e01-apr-1997$fGBP4.20$g0$hA$5Uk
=ACF  \\$aPrevious Copyright Fee: GBP12.00$c0$e01-jul-2012$fGBP12.00$g0$hC$5Uk
=ACF  \\$aPrevious Copyright Fee: GBP12.00$c0$e01-oct-2012$fGBP12.00$g0$hC$5Uk
=ACF  \\$aPrevious Copyright Fee: GBP12.30$c0$e01-jan-2014$fGBP12.30$g0$hC$5Uk
=ACF  \\$aPrevious Copyright Fee: GBP15.00$c0$e01-jan-2017$fGBP15.00$g0$hC$5Uk
=ACF  \\$aPrevious Copyright Fee: GBP17.50$c0$e01-jan-2018$fGBP17.50$g0$hC$5Uk
=ACF  \\$aPrevious Copyright Fee: GBP20.00$c0$e01-jan-2020$fGBP20.00$g0$hC$5Uk
=ACF  \\$aPrevious Copyright Fee: GBP22.50$c0$e01-jan-2021$fGBP22.50$g0$hC$5Uk
=CAT  \\$aWR09-126
=CAT  \\$aBATCH-CLA$b00$c20111130$lBLL01$h1222
=CAT  \\$aIPL-CLA$c20111230$lBLL01$h1930
=CAT  \\$aBATCH-CLA$b00$c20120229$lBLL01$h1637
=CAT  \\$aIPL-CLA$c20120330$lBLL01$h1424
=CAT  \\$aBATCH-CLA$b00$c20120531$lBLL01$h1719
=CAT  \\$aIPL-CLA$c20120629$lBLL01$h1022
=CAT  \\$aBATCH-CLA$b00$c20120831$lBLL01$h1550
=CAT  \\$aIPL-CLA$c20120930$lBLL01$h2101
=CAT  \\$aBATCH-CLA$b00$c20121108$lBLL01$h1736
=CAT  \\$aWR13.005$c20130322$lBLL01$h1954
=CAT  \\$aBATCH-CLA$b00$c20131129$lBLL01$h1702
=CAT  \\$aIPL-CLA$c20131231$lBLL01$h2222
=CAT  \\$aWR14_140$c20140905$lBLL01$h1751
=CAT  \\$aBATCH-CLA$b00$c20161130$lBLL01$h1648
=CAT  \\$aIPL-CLA$c20161230$lBLL01$h2024
=CAT  \\$aBATCH-CLA$b00$c20171130$lBLL01$h1712
=CAT  \\$aIPL-CLA$c20171231$lBLL01$h1547
=CAT  \\$aBATCH-CLA$b00$c20191129$lBLL01$h1630
=CAT  \\$aIPL-CLA$c20191231$lBLL01$h1854
=CAT  \\$aBATCH-CLA$b00$c20201126$lBLL01$h1421
=CAT  \\$aIPL-CLA$c20201231$lBLL01$h2111
=CAT  \\$aBATCH-CLA$b00$c20221130$lBLL01$h1500
=CAT  \\$aIPL-CLA$c20221231$lBLL01$h2017
=CAT  \\$aBATCH-CLA$b00$c20230209$lBLL01$h1547
=CAT  \\$aIPL-CLA$c20230210$lBLL01$h0057
=CFI  0\$aCurrent Copyright Fee: GBP25.00$c0$e09-feb-2023$fGBP25.00$g0$hC$5Uk
=CFI  2\$aBritish Library not licensed to copy$c0$e01-jan-2023$hC$iCFP Excluded$5Uk
=FIN  \\$aY
=FMT  \\$a  SE
=LAS  \\$aIPL-CLA$b00$c20230210$lBLL01$h0057
=LEO  \\$aMP10.0000339327
=LEO  \\$aMP10.0000349430
=LEO  \\$aMP22.0000011791
=LEO  \\$aMP25.0000072032
=LEO  \\$aMP5.0000525098
=SRC  \\$aDSS01$bbibmp10.200404.2.aa
=SRC  \\$aISN01$bbibmp22.200404.2.aa
=SRC  \\$aSRI01$bbibmp25.200404.2.aa
=SRC  \\$aBNB03$bbibmp5.200404.2.aa
=SSD  \\$a74510{dollar}aLAPV
=TCO  \\$aCLA$bCLA$c008

