=LDR  02108 as a2200613 a 4500
=001  011647837
=003  Uk
=005  20140131111352.0
=006  aac\\|||||||||||||
=008  000928c20009999nyubr\p\\\\\\\0\\\a0eng\\
=015  \\$aGBA062165$2bnb
=019  y\$abA062165
=019  9\$abA062165
=019  0\$as661225003
=022  0\$a1470-9309
=039  0\$a2611
=040  \\$aUk$cUk
=082  04$a332.10285$221
=084  \\$aPP 30$2blsrissc
=222  \0$aFinancial technology
=245  00$aFinancial technology :$be-business strategies and solutions for financial services.
=260  \\$aNew York ;$a[London] :$bEuromoney Institutional Investor,$c2000-
=300  \\$av. :$bcol. ill., col. ports. ;$c28 cm.
=310  \\$aSix issues yearly
=336  \\$atext$2rdacontent
=337  \\$aunmediated$2rdamedia
=338  \\$avolume$2rdacarrier
=362  0\$aVol. 1, issue 1 (July/Aug. 2000)-
=597  \\$aEnhanced$bSRIS DDC
=650  \0$aFinancial services industry$xData processing$vPeriodicals.
=650  \0$aFinancial services industry$xTechnological innovations$vPeriodicals.
=650  \0$aElectronic commerce$vPeriodicals.
=690  7\$aManagement and Business Studies$2blcoll
=852  71$aBritish Library$bSTI$cRES$k(P)$hPP 30$m-E(3)$2blsrissc$32000; Issue 1/Vol.1
=957  \\$a000911c
=985  \\$aISSN transferred to U.S. Center 31.1.14.
=CAT  \\$aCONV$b00$c20040425$lBLL90$h0615
=CAT  \\$aCONV$b00$c20040502$lBLL01$h1442
=CAT  \\$aBATCH$b00$c20090619$lBLL01$h1854
=CAT  \\$aBATCH$b00$c20091122$lBLL01$h1902
=CAT  \\$a10806$b40$c20140127$lBLL01$h1557
=CAT  \\$a10806$b40$c20140128$lBLL01$h0842
=CAT  \\$a10973$b40$c20140131$lBLL01$h1113
=CAT  \\$aWR14_140$c20140905$lBLL01$h1751
=FIN  \\$aY
=FMT  \\$a  SE
=LAS  \\$aWR14_140$b00$c20140905$lBLL01$h1751
=LEO  \\$aMP5.0001459416
=LEO  \\$aMP25.0000342705
=SRC  \\$aBNB03$bbibmp5.200404.2.ac
=SRC  \\$aSRI01$bbibmp25.200404.2.aa
=SRC  \\$aDSS03$bbibsr.200404.2.aa
=SSD  \\$a25500{dollar}aVol. 1, issue 1 (July/Aug. 2000)-
=TCO  \\$aCLA$bCLA$c008

