=LDR  03636 as a2200829 a 4500
=001  011732653
=003  Uk
=005  20181220125230.0
=007  ta
=008  831025c19739999ch\qr\p\\\\\\\0\\\a0eng\\
=019  c\$a2041663
=019  0\$as25083300x
=022  0\$a0304-9825$y2304-7909
=040  \\$aUk$cUk$dUk
=082  04$a510/.5
=084  \\$aP 00$2blsrissc
=210  1\$aBull. Inst. Math., Acad. Sin.
=222  \0$aBulletin of the Institute of Mathematics, Academia Sinica
=245  00$aBulletin of the Institute of Mathematics, Academia Sinica.
=246  14$aShu hsüeh chi kʿan$f<Mar. 1985- >
=246  18$aChung yang yen chiu yüan shu hsüeh chi kʿan$f<Mar. 1985- >
=260  \\$aTaipei, Taiwan, Republic of China :$bInstitute of Mathematics, Academia Sinica,$c1973-
=300  \\$av. :$bill. ;$c27 cm.
=310  \\$aQuarterly$b1979-
=321  \\$aSemiannual$b-1978
=336  \\$atext$2rdacontent
=337  \\$aunmediated$2rdamedia
=338  \\$avolume$2rdacarrier
=362  0\$a[June 1973]- v. 33, no. 4 (Dec. 2005) ; new ser., v. 1, no. 1 (Mar. 2006)-
=540  \\$aBritish Library not licensed to copy$c0$5Uk
=650  \0$aMathematics$vPeriodicals.
=710  2\$aZhong yang yan jiu yuan.$bShu xue yan jiu suo.
=852  41$aBritish Library$bDSC$j2580.891500$3Vol. 1 (1973)-v. 33, no. 4 (Dec. 2005) ; new ser., v. 1, no. 1 (Mar. 2006)-v. 12, no. 3 (2017)
=945  \\$aBULLETIN- INSTITUTE OF MATHEMATICS ACADEMIA SINICA.
=959  \\$fHeld but not currently received
=985  \\$aRecord merged by DQ team
=985  \\$aCONFERENCE ANALYTIC RECORDS EXIST
=985  \\$aISSN IC have regarded the addition in 2006 of "new series" as a major C/T and assigned a new ISSN. However this alteration to the numbering is not regarded as a C/T under either AACR2 or RDA rules and so the current "valid" ISSN has been included in the record in 022{dollar}y to enable DSC staff to access the record via this search.
=ACF  \\$aPrevious copyright fee: GBP5.00$c0$e01-jul-2002$fGBP5.00$g0$hC$5Uk
=ACF  \\$aCurrent copyright fee: GBP2.50$c0$e01-jul-1998$fGBP2.50$g0$hC$5Uk
=ACF  \\$aCurrent copyright fee: GBP2.30$c0$e01-apr-1997$fGBP2.30$g0$hC$5Uk
=ACF  \\$aPrevious copyright fee: GBP10.50$c0$e01-jan-2011$fGBP10.50$g0$hA$5Uk
=CAT  \\$aCONV$b00$c20040425$lBLL90$h0700
=CAT  \\$aCONV$b00$c20040502$lBLL01$h1444
=CAT  \\$c20041010$lBLL01$h1940
=CAT  \\$a8201$b40$c20060619$lBLL01$h1422
=CAT  \\$aBATCH-UPD$b40$c20101201$lBLL01$h1240
=CAT  \\$aIPL-CLA$c20101231$lBLL01$h1427
=CAT  \\$a8201$b40$c20110112$lBLL01$h1617
=CAT  \\$aBATCH-UPD$b40$c20110907$lBLL01$h1818
=CAT  \\$aIPL-CLA$c20110908$lBLL01$h1733
=CAT  \\$aBATCH-UPD$b00$c20120614$lBLL01$h2122
=CAT  \\$a10934$b40$c20120718$lBLL01$h1041
=CAT  \\$aBATCH-CLA$b00$c20121108$lBLL01$h1735
=CAT  \\$aWR13.005$c20130323$lBLL01$h1159
=CAT  \\$a8483$b40$c20130501$lBLL01$h1402
=CAT  \\$aBATCH-CLA$b00$c20130531$lBLL01$h1646
=CAT  \\$aIPL-CLA$c20130701$lBLL01$h0032
=CAT  \\$a11385$b40$c20140117$lBLL01$h1552
=CAT  \\$a11385$b40$c20151211$lBLL01$h1138
=CAT  \\$a11385$b40$c20181220$lBLL01$h1252
=CFI  0\$aBritish Library not licensed to copy$c0$e01-jul-2013$hC$iCFP Excluded$5Uk
=CFI  2\$aBritish Library not licensed to copy$c0$e07-sep-2011$hC$iTX$5Uk
=FIN  \\$aY
=FMT  \\$a  SE
=LAS  \\$a11385$b40$c20181220$lBLL01$h1252
=LEO  \\$aMP25.0000100143
=LEO  \\$aMP10.0000118161
=SRC  \\$aSRI01$bbibmp25.200404.2.aa
=SRC  \\$aDSS01$bbibmp10.200404.2.aa
=TCO  \\$aXXX$c008
=TOC  \\$aETOC

