=LDR  02669 as a22006133  4500
=001  011732995
=003  Uk
=005  20100429091325.0
=008  040409d19681994ko\qr\p\\\\\\\0\\\k0kor\\
=019  c\$a2041937
=022  0\$a0374-8111
=040  \\$aUk$cUk$dUk
=082  04$a639.2$222
=245  00$aBulletin of the Korean Fisheries Society =$bHangug susan haghoiji.
=246  31$aHangug susan haghoiji
=336  \\$atext$2rdacontent
=337  \\$aunmediated$2rdamedia
=338  \\$avolume$2rdacarrier
=540  \\$aBritish Library not licensed to copy$c0$5Uk
=595  \\$aCONTD AS 4812.245 VOL. 28, 1995- SEE ALSO CARD INDEX.
=785  00$tJournal of the Korean Fisheries Society
=852  41$aBritish Library$bSTI$j(P)EM00-X(56)$3VOL. 13(4), 1980- *A=1***Accession number 291995004
=852  41$aBritish Library$bDSC$j2600.360000$3VOL. 6, 1973- 27, 1994 *A=1
=945  \\$aBULLETIN- KOREAN FISHERIES SOCIETY.
=959  \\$fHeld but not currently received
=985  \\$aCorrected by MS generated file for WR# 12.018
=985  \\$aKorean title of journal ran from 1968-2009 - ISSN record for this title runs 1968-. English title changed from: Bulletin of the Korean Fisheries Society to: Journal of the ... in 1995. DSC have treated this as c/t having shelved under English title. See #010486104 for issues after 1995
=A02  \\$a2041937
=ACF  \\$aPrevious copyright fee: GBP5.00$c0$e01-jul-2002$fGBP5.00$g0$hC$5Uk
=ACF  \\$aCurrent copyright fee: GBP2.50$c0$e01-jul-1998$fGBP2.50$g0$hC$5Uk
=ACF  \\$aCurrent copyright fee: GBP2.30$c0$e01-apr-1997$fGBP2.30$g0$hC$5Uk
=CAT  \\$aCONV$b00$c20040425$lBLL90$h0700
=CAT  \\$aCONV$b00$c20040502$lBLL01$h1444
=CAT  \\$c20041010$lBLL01$h1940
=CAT  \\$aBATCH$b00$c20091210$lBLL01$h0604
=CAT  \\$aBATCH$b00$c20091214$lBLL01$h0814
=CAT  \\$aBATCH$b00$c20091216$lBLL01$h0201
=CAT  \\$a8124$b40$c20100429$lBLL01$h0913
=CAT  \\$aBATCH-UPD$b40$c20101201$lBLL01$h1240
=CAT  \\$aIPL-CLA$c20101231$lBLL01$h1427
=CAT  \\$a10_149CORR$c20110119$lBLL01$h1416
=CAT  \\$aBATCH-UPD$b00$c20110907$lBLL01$h1818
=CAT  \\$aIPL-CLA$c20110908$lBLL01$h1733
=CAT  \\$aBLSS-CORR$b00$c20120724$lBLL01$h1758
=CAT  \\$aBATCH-CLA$b00$c20121108$lBLL01$h1735
=CAT  \\$aWR13.005$c20130323$lBLL01$h1159
=CFI  0\$aBritish Library not licensed to copy$c0$e07-sep-2011$hC$iTX$5Uk
=CFI  2\$aPrevious copyright fee: GBP10.50$c0$e01-jan-2011$fGBP10.50$g0$hA$5Uk
=FIN  \\$aY
=FMT  \\$a  SE
=LAS  \\$aWR13.005$b00$c20130323$lBLL01$h1159
=LEO  \\$aMP10.0000118708
=SRC  \\$aDSS01$bbibmp10.200404.2.aa
=TCO  \\$aXXX$c008

