=LDR  05816cas a2201237 a 4500
=001  011736056
=003  Uk
=005  20230930104204.0
=007  ta
=008  990212d19962001stkqr\p\\\\\\\0\\\a0eng\\
=015  \\$aGBA589131$2bnb
=019  c\$a2540984
=022  \\$y0007-490X
=040  \\$aUk$cUk$dUk
=041  0\$aeng$acat$afre$apor$aspa
=042  \\$aukblsr
=082  04$a860.5$221
=130  0\$aBulletin of Hispanic studies (Glasgow, Scotland)
=245  10$aBulletin of Hispanic studies.
=246  17$aBHS
=260  \\$aGlasgow :$bUniversity of Glasgow,$c1996-2001.
=300  \\$a6 v. ;$c25 cm.
=310  \\$aQuarterly
=336  \\$atext$2rdacontent
=337  \\$aunmediated$2rdamedia
=338  \\$avolume$2rdacarrier
=362  0\$aVol. 73, no. 1 (Jan. 1996)-vol. 78, no. 5 (Dec. 2001).
=500  \\$aTitle from cover.
=515  \\$aVol. numbering parallels that of: Bulletin of Hispanic studies (Liverpool, England), and: continues that of earlier Bulletin of Hispanic Studies.
=540  \\$aCurrent copyright fee: GBP37.00$c2\0$5Uk
=546  \\$aEnglish, Spanish, Portuguese, Catalan, and French.
=555  \\$aIndexes in vols. 2-4 of supplement to v. 88 (2011) of: Bulletin of Spanish studies.
=580  \\$aIssued in competition with a version published 1996- with different content by University of Liverpool.
=580  \\$aISSN continues that of earlier Bulletin of Hispanic Studies.
=595  \\$aContinued as 2909.139000 Vol. 79 (2002)-.
=650  \0$aSpanish philology$vPeriodicals.
=650  \0$aPortuguese philology$vPeriodicals.
=651  \0$aSpain$xCivilization$vPeriodicals.
=651  \0$aLatin America$xCivilization$vPeriodicals.
=651  \0$aPortugal$xCivilization$vPeriodicals.
=710  2\$aUniversity of Glasgow.
=780  01$tBulletin of Hispanic studies
=785  00$tBulletin of Spanish studies (2002)$x1475-3820
=787  1\$tBulletin of Hispanic studies (Liverpool, England)
=852  41$aBritish Library$bDSC$j2855.909000$3Vol. 73, no. 1 (1996)-v. 78, no. 5 (2001)***UKRR Retained Title
=852  41$aBritish Library$bHMNTS$jPP.5044.ak$3Vol. 73, no. 1 (Jan. 1996)-vol. 78, no. 5 (Dec. 2001)
=856  \\$31850-9999$uhttp://www.tandfonline.com/$xBLDSS
=945  \\$aBulletin of Hispanic Studies- University of Glasgow
=959  \\$fHeld but not currently received
=963  \\$aVol. 73 (1996)-$bY$cP744.B.50
=985  \\$aDo not merge ISSN record in with this record
=A02  \\$a2540984
=ACF  \\$aPrevious copyright fee: GBP17.00$c1\0$e01-jan-2010$fGBP17.00$g0$hP$5Uk
=ACF  \\$aPrevious copyright fee: GBP16.00$c1\0$e01-jan-2009$fGBP16.00$g0$hP$5Uk
=ACF  \\$aPrevious copyright fee: GBP15.00$c1\0$e01-apr-2008$fGBP15.00$g0$hP$5Uk
=ACF  \\$aPrevious copyright fee: GBP16.00$c1\0$e01-jan-2007$fGBP16.00$g0$hP$5Uk
=ACF  \\$aPrevious copyright fee: GBP13.00$c1\0$e01-jan-2005$fGBP13.00$g0$hP$5Uk
=ACF  \\$aPrevious copyright fee: GBP11.00$c1\0$e01-jan-2004$fGBP11.00$g0$hP$5Uk
=ACF  \\$aCurrent copyright fee: GBP10.00$c1\0$e01-apr-2002$fGBP10.00$g0$hP$5Uk
=ACF  \\$aCurrent copyright fee: GBP9.00$c1\0$e01-jan-2000$fGBP9.00$g0$hP$5Uk
=ACF  \\$aPrevious copyright fee: GBP21.00$c1\0$e01-jan-2011$fGBP21.00$g0$hP$5Uk
=ACF  \\$aPrevious copyright fee: GBP23.00$c1\0$e01-jan-2012$fGBP23.00$g0$hP$5Uk
=ACF  \\$aPrevious copyright fee: GBP23.50$c1\0$e01-jan-2013$fGBP23.50$g0$hP$5Uk
=ACF  \\$aPrevious copyright fee: GBP24.00$c1\0$e01-jan-2014$fGBP24.00$g0$hP$5Uk
=ACF  \\$aPrevious copyright fee: GBP25.00$c1\0$e01-jan-2015$fGBP25.00$g0$hP$5Uk
=ACF  \\$aPrevious copyright fee: GBP26.00$c1\0$e01-jan-2016$fGBP26.00$g0$hP$5Uk
=ACF  \\$aPrevious copyright fee: GBP28.00$c1\0$e01-jan-2017$fGBP28.00$g0$hP$5Uk
=ACF  \\$aPrevious copyright fee: GBP30.00$c1\0$e01-jan-2018$fGBP30.00$g0$hP$5Uk
=ACF  \\$aPrevious copyright fee: GBP32.00$c1\0$e01-jan-2019$fGBP32.00$g0$hP$5Uk
=ACF  \\$aPrevious copyright fee: GBP34.00$c1\0$e01-jan-2020$fGBP34.00$g0$hP$5Uk
=ACF  \\$aPrevious copyright fee: GBP35.00$c1\0$e01-jan-2021$fGBP35.00$g0$hP$5Uk
=CAT  \\$aCONV$b00$c20040425$lBLL90$h0700
=CAT  \\$a5552$b40$c20130704$lBLL01$h0925
=CAT  \\$aBATCH-UPD$b40$c20131119$lBLL01$h1858
=CAT  \\$aIPL-CLA$c20131231$lBLL01$h2226
=CAT  \\$aBATCH-UPD$b00$c20141124$lBLL01$h1741
=CAT  \\$aBLDSS-3PM$b00$c20141130$lBLL01$h1247
=CAT  \\$aIPL-CLA$c20141231$lBLL01$h1648
=CAT  \\$aBATCH-UPD$b00$c20151119$lBLL01$h1520
=CAT  \\$aIPL-CLA$c20151231$lBLL01$h1916
=CAT  \\$aBATCH-UPD$b00$c20160413$lBLL01$h1813
=CAT  \\$aBATCH-UPD$b00$c20161122$lBLL01$h1443
=CAT  \\$aBATCH-UPD$b00$c20161122$lBLL01$h1446
=CAT  \\$a5552$b40$c20161212$lBLL01$h1404
=CAT  \\$aIPL-CLA$c20161230$lBLL01$h2027
=CAT  \\$aBATCH-UPD$b00$c20171121$lBLL01$h1623
=CAT  \\$aIPL-CLA$c20171231$lBLL01$h1549
=CAT  \\$aBATCH-UPD$b00$c20181217$lBLL01$h1628
=CAT  \\$aIPL-CLA$c20181231$lBLL01$h1538
=CAT  \\$aBATCH-UPD$b00$c20191122$lBLL01$h1841
=CAT  \\$aIPL-CLA$c20191231$lBLL01$h1855
=CAT  \\$aBATCH-UPD$b00$c20201118$lBLL01$h1323
=CAT  \\$aIPL-CLA$c20201231$lBLL01$h2113
=CAT  \\$aBATCH-UPD$b00$c20221121$lBLL01$h1319
=CAT  \\$aIPL-CLA$c20221231$lBLL01$h2020
=CAT  \\$aR2308-1440$c20230824$lBLL01$h0927
=CAT  \\$aIPL-CLA$c20230930$lBLL01$h1042
=CFI  0\$aCurrent copyright fee: GBP37.00$c2\0$e01-oct-2023$fGBP37.00$g0$hP$5Uk
=CFI  2\$aPrevious copyright fee: GBP37.00$c1\0$e01-jan-2023$fGBP37.00$g0$hP$5Uk
=FFP  \\$aY$bBLDSS-3PM
=FIN  \\$aY$d20051019
=FMT  \\$a  SE
=LAS  \\$aIPL-CLA$b00$c20230930$lBLL01$h1042
=LEO  \\$aMP10.0000123117
=SRC  \\$aDSS01$bbibmp10.200404.2.aa
=TCO  \\$aCLA$bCLA$c008

