=LDR  08347cas a2201537 a 4500
=001  011736057
=003  Uk
=005  20221231202018.0
=007  ta
=008  790426d19491995enkqr\p\\\o\\\0\\\a0eng\\
=019  c\$a2044155
=022  \\$a0007-490X
=040  \\$aUk$cUk$dUk
=041  0\$aeng$acat$afre$apor$aspa
=082  \\$a860.5
=245  00$aBulletin of Hispanic studies.
=246  17$aBHS
=260  \\$aLiverpool :$bInstitute of Hispanic Studies,$c[1949]-1995.
=300  \\$a53 v. ;$c24 cm.
=310  \\$aQuarterly
=336  \\$atext$2rdacontent
=337  \\$aunmediated$2rdamedia
=338  \\$avolume$2rdacarrier
=362  0\$aVol. 26, no. 101 (Jan.-Mar. 1949)-v. 30, no. 120 (Oct.-Dec. 1953) ; v. 31, no. 1 (Jan. 1954)-v. 72, no. 4 (Oct. 1995).
=500  \\$aTitle from cover.
=500  \\$aSome issues have also a distinctive title.
=540  \\$aCurrent copyright fee: GBP37.00$c2\0$5Uk
=546  \\$aEnglish, Spanish, Portuguese, Catalan, and French.
=550  \\$aIssued by: Institute of Hispanic Studies, 1949-1952; School of Hispanic Studies, University of Liverpool, 1953; Liverpool University Press, 1954-1995.
=555  \\$aVols. 1 (1923)-30 (1953) in v. 30; v. 1 (1923)-50 (1973) with v. 50 (Includes index to journal under its earlier title); v. 51 (1974)-60 (1983), in v. 61, no. 1.
=555  \\$aVols. 26-72, 1949-95, in vols. 2-4 of supplement to v. 88 (2011) of: Bulletin of Spanish studies.
=580  \\$aSplit into: Bulletin of Hispanic studies (Liverpool, England), and: Bulletin of Hispanic studies (Glasgow, Scotland).
=595  \\$aFormerly 2909.140000 change between Vol. 15//No. 60 (1938) and Vol. 26//No. 102 (1949), See also card index.
=650  \0$aSpanish philology$vPeriodicals.
=650  \0$aPortuguese philology$vPeriodicals.
=651  \0$aSpain$xCivilization$vPeriodicals.
=651  \0$aLatin America$xCivilization$vPeriodicals.
=651  \0$aPortugal$xCivilization$vPeriodicals.
=710  2\$aInstitute of Hispanic Studies (Liverpool, England)
=710  2\$aUniversity of Liverpool.$bSchool of Hispanic Studies.
=776  0\$tBulletin of Hispanic studies (Online)$x1469-3550
=785  16$tBulletin of Hispanic studies (Liverpool, England)
=785  16$tBulletin of Hispanic studies (Glasgow, Scotland)
=852  41$aBritish Library$bHMNTS$jP.P.5044.ak.$3Vol. 26, no. 101 (Jan.-Mar. 1949)-v. 30, no. 120 (Oct.-Dec. 1953) ; v. 31, no. 1 (Jan. 1954)-v. 72, no. 4 (Oct. 1995)
=852  41$aBritish Library$bDSC$j2855.910000$3Vol. 26, issue 101 (1949)-v. 72, no. 4 (1995)***UKRR Retained Title
=856  \\$31850-9999$uhttp://www.tandfonline.com/$xBLDSS
=945  \\$aBulletin of Hispanic studies- University of Liverpool
=959  \\$fHeld but not currently received
=963  \\$aVol. 26 (1949)-$bY$cP744.C.6
=985  \\$aDo not merge ISSN record in with this record
=985  \\$aRecord merged by DQ team
=A02  \\$a2044155
=ACF  \\$aPrevious Copyright Fee: GBP18.02$c0$e01-apr-2012$fGBP18.02$g0$hC$5Uk
=ACF  \\$aPrevious Copyright Fee: GBP18.02$c0$e01-jan-2012$fGBP18.02$g0$hC$5Uk
=ACF  \\$aPrevious Copyright Fee: GBP18.02$c0$e01-oct-2011$fGBP18.02$g0$hC$5Uk
=ACF  \\$aPrevious Copyright Fee: GBP18.02$c0$e01-jul-2011$fGBP18.02$g0$hC$5Uk
=ACF  \\$aPrevious Copyright Fee: GBP18.02$c0$e01-apr-2011$fGBP18.02$g0$hC$5Uk
=ACF  \\$aPrevious Copyright Fee: GBP18.02$c0$e01-jan-2011$fGBP18.02$g0$hC$5Uk
=ACF  \\$aPrevious Copyright Fee: GBP18.02$c0$e01-oct-2010$fGBP18.02$g0$hC$5Uk
=ACF  \\$aPrevious Copyright Fee: GBP18.02$c0$e01-jul-2010$fGBP18.02$g0$hC$5Uk
=ACF  \\$aPrevious Copyright Fee: GBP18.02$c0$e01-apr-2010$fGBP18.02$g0$hC$5Uk
=ACF  \\$aPrevious Copyright Fee: GBP11.00$c0$e01-Jan-2010$fGBP11.00$g0$hC$5Uk
=ACF  \\$aPrevious Copyright Fee: GBP11.00$c0$e01-oct-2009$fGBP11.00$g0$hC$5Uk
=ACF  \\$aPrevious Copyright Fee: GBP11.00$c0$e01-jul-2009$fGBP11.00$g0$hC$5Uk
=ACF  \\$aPrevious Copyright Fee: GBP11.00$c0$e01-apr-2009$fGBP11.00$g0$hC$5Uk
=ACF  \\$aPrevious Copyright Fee: GBP11.00$c0$e01-jan-2009$fGBP11.00$g0$hC$5Uk
=ACF  \\$aPrevious Copyright Fee: GBP11.00$c0$e01-oct-2008$fGBP11.00$g0$hC$5Uk
=ACF  \\$aPrevious Copyright Fee: GBP11.00$c0$e01-jul-2008$fGBP11.00$g0$hC$5Uk
=ACF  \\$aPrevious Copyright Fee: GBP11.00$c0$e01-apr-2008$fGBP11.00$g0$hC$5Uk
=ACF  \\$aPrevious Copyright Fee: GBP11.00$c0$e01-jan-2008$fGBP11.00$g0$hC$5Uk
=ACF  \\$aPrevious Copyright Fee: GBP11.00$c0$e01-oct-2007$fGBP11.00$g0$hC$5Uk
=ACF  \\$aPrevious Copyright Fee: GBP11.00$c0$e01-jul-2007$fGBP11.00$g0$hC$5Uk
=ACF  \\$aPrevious Copyright Fee: GBP11.00$c0$e01-apr-2007$fGBP11.00$g0$hC$5Uk
=ACF  \\$aPrevious Copyright Fee: GBP11.00$c0$e01-jan-2007$fGBP11.00$g0$hC$5Uk
=ACF  \\$aPrevious Copyright Fee: GBP11.00$c0$e01-oct-2006$fGBP11.00$g0$hC$5Uk
=ACF  \\$aPrevious Copyright Fee: GBP11.00$c0$e01-jul-2006$fGBP11.00$g0$hC$5Uk
=ACF  \\$aPrevious Copyright Fee: GBP11.00$c0$e01-apr-2006$fGBP11.00$g0$hC$5Uk
=ACF  \\$aPrevious Copyright Fee: GBP11.00$c0$e01-jan-2006$fGBP11.00$g0$hC$5Uk
=ACF  \\$aPrevious Copyright Fee: GBP5.00$c0$e01-oct-2005$fGBP5.00$g0$hC$5Uk
=ACF  \\$aPrevious Copyright Fee: GBP5.00$c0$e01-jul-2005$fGBP5.00$g0$hC$5Uk
=ACF  \\$aPrevious Copyright Fee: GBP5.00$c0$e01-apr-2005$fGBP5.00$g0$hC$5Uk
=ACF  \\$aPrevious Copyright Fee: GBP5.00$c0$e01-jan-2005$fGBP5.00$g0$hC$5Uk
=ACF  \\$aPrevious Copyright Fee: GBP5.00$c0$e01-oct-2004$fGBP5.00$g0$hC$5Uk
=ACF  \\$aPrevious copyright fee: GBP5.00$c0$e01-jan-2004$fGBP5.00$g0$hC$5Uk
=ACF  \\$aCurrent copyright fee: GBP10.00$c0$e01-jan-2003$fGBP10.00$g0$hC$5Uk
=ACF  \\$aCurrent copyright fee: GBP5.00$c0$e01-jul-2002$fGBP5.00$g0$hC$5Uk
=ACF  \\$aPrevious Copyright Fee: GBP18.02$c0$e01-oct-2012$fGBP18.02$g0$hC$5Uk
=ACF  \\$aPrevious Copyright Fee: GBP18.02$c0$e01-jul-2012$fGBP18.02$g0$hC$5Uk
=ACF  \\$aPrevious Copyright Fee: GBP23.50$c2\0$e04-jul-2013$fGBP23.50$g0$hP$5Uk
=ACF  \\$aPrevious copyright fee: GBP24.00$c2\0$e01-jan-2014$fGBP24.00$g0$hP$5Uk
=ACF  \\$aPrevious copyright fee: GBP25.00$c2\0$e01-jan-2015$fGBP25.00$g0$hP$5Uk
=ACF  \\$aPrevious copyright fee: GBP26.00$c2\0$e01-jan-2016$fGBP26.00$g0$hP$5Uk
=ACF  \\$aPrevious copyright fee: GBP28.00$c2\0$e01-jan-2017$fGBP28.00$g0$hP$5Uk
=ACF  \\$aPrevious copyright fee: GBP30.00$c2\0$e01-jan-2018$fGBP30.00$g0$hP$5Uk
=ACF  \\$aPrevious copyright fee: GBP32.00$c2\0$e01-jan-2019$fGBP32.00$g0$hP$5Uk
=ACF  \\$aPrevious copyright fee: GBP34.00$c2\0$e01-jan-2020$fGBP34.00$g0$hP$5Uk
=CAT  \\$aCONV$b00$c20040425$lBLL90$h0700
=CAT  \\$aBATCH-CLA$b00$c20120831$lBLL01$h1547
=CAT  \\$aIPL-CLA$c20120930$lBLL01$h2103
=CAT  \\$aBATCH-CLA$b00$c20121108$lBLL01$h1735
=CAT  \\$a5552$b40$c20130704$lBLL01$h0923
=CAT  \\$aBATCH-UPD$b40$c20131119$lBLL01$h1959
=CAT  \\$aIPL-CLA$c20131231$lBLL01$h2226
=CAT  \\$aBATCH-UPD$b00$c20141124$lBLL01$h1801
=CAT  \\$aBLDSS-3PM$b00$c20141130$lBLL01$h1247
=CAT  \\$aIPL-CLA$c20141231$lBLL01$h1648
=CAT  \\$aBATCH-UPD$b00$c20151119$lBLL01$h1542
=CAT  \\$aIPL-CLA$c20151231$lBLL01$h1916
=CAT  \\$aBATCH-UPD$b00$c20161122$lBLL01$h1511
=CAT  \\$aBATCH-UPD$b00$c20161122$lBLL01$h1607
=CAT  \\$a5552$b40$c20161212$lBLL01$h1404
=CAT  \\$aIPL-CLA$c20161230$lBLL01$h2027
=CAT  \\$aBATCH-UPD$b00$c20171121$lBLL01$h1646
=CAT  \\$aIPL-CLA$c20171231$lBLL01$h1549
=CAT  \\$aBATCH-UPD$b00$c20181217$lBLL01$h1637
=CAT  \\$aIPL-CLA$c20181231$lBLL01$h1538
=CAT  \\$aBATCH-UPD$b00$c20191122$lBLL01$h1859
=CAT  \\$aIPL-CLA$c20191231$lBLL01$h1855
=CAT  \\$aBATCH-UPD$b00$c20201118$lBLL01$h1333
=CAT  \\$aIPL-CLA$c20201231$lBLL01$h2113
=CAT  \\$aBATCH-UPD$b00$c20221121$lBLL01$h1346
=CAT  \\$aIPL-CLA$c20221231$lBLL01$h2020
=CFI  0\$aCurrent copyright fee: GBP37.00$c2\0$e01-jan-2023$fGBP37.00$g0$hP$5Uk
=CFI  2\$aPrevious copyright fee: GBP35.00$c2\0$e01-jan-2021$fGBP35.00$g0$hP$5Uk
=FFP  \\$aY$bBLDSS-3PM
=FIN  \\$aY
=FMT  \\$a  SE
=LAS  \\$aIPL-CLA$b00$c20221231$lBLL01$h2020
=LEO  \\$aMP10.0000123118
=SRC  \\$aDSS01$bbibmp10.200404.2.aa
=TCO  \\$aCLA$bCLA$c008

