=LDR  07997cas a22015377a 4500
=001  011737870
=003  Uk
=005  20211231154028.0
=007  ta
=008  040409c19709999xxumr\p\\\\\\\0\\\a0eng\\
=019  c\$a2045169
=019  0\$as242732003
=022  \\$a0191-4642$z0007-6570$z1538-7267
=040  \\$aUk$cUk$dUk
=082  04$a387.7$222
=084  \\$aVD 13$2blsrissc
=210  0\$aBus. comm. aviat.
=222  \0$aBusiness and commercial aviation
=245  00$aBusiness and commercial aviation.
=246  1\$aBusiness & commercial aviation
=246  1\$iIssues for 1958-Apr. 1966 have cover title:$aBusiness/commercial aviation
=246  1\$iIssues for May 1966-Sept. 2000 have cover title:$aBusiness & commercial aviation
=246  1\$iIssues for Oct. 2000- have cover title:$aAviation week's Business & commercial aviation
=246  1\$iIssues for <Oct. 2003>- have cover title:$aMcGraw-Hill Companies Business & commercial aviation
=260  \\$aNew York, N.Y. :$bMcGraw-Hill,$c1970-
=300  \\$c28cm.
=310  \\$aMonthly
=336  \\$atext$2rdacontent
=337  \\$aunmediated$2rdamedia
=338  \\$avolume$2rdacarrier
=500  \\$aPublisher varies.
=540  \\$aCurrent Copyright Fee: GBP6.53$c0$5Uk
=595  \\$aSee also Serial Records CAA USC and card index.
=780  05$tA/C flyer$x0194-8652
=852  71$aBritish Library$bSTI$k(P)$hVD 13$m-E(1)$2blsrissc$3Vol.27, no.2, 1970- vol.66, no.1, 1990; Deficient: vol.27, no.12; vol.30-33; vol.37, no.1-5; vol.40, no.3, 4, 6; vol.41, no.1, 2; vol.54-55; vol.57, no.3
=852  41$aBritish Library$bDSC$j2933.180000$3Vol. 22, number 3 (1968)-Dec. 2011
=945  \\$aBusiness and commercial aviation
=959  \\$fHeld but not currently received
=968  \\$bx
=985  \\$aCorrected by MS generated file for WR# 12.018
=985  \\$aRecord merged by DQ team
=985  \\$aTitle change and ISSN information taken from LC record.
=ACF  \\$aPrevious Copyright Fee: GBP1.71$c0$e01-jan-2011$fGBP1.71$g0$hC$5Uk
=ACF  \\$aPrevious Copyright Fee: GBP1.71$c0$e01-oct-2010$fGBP1.71$g0$hC$5Uk
=ACF  \\$aPrevious Copyright Fee: GBP1.71$c0$e01-jul-2010$fGBP1.71$g0$hC$5Uk
=ACF  \\$aPrevious Copyright Fee: GBP1.71$c0$e01-apr-2010$fGBP1.71$g0$hC$5Uk
=ACF  \\$aPrevious Copyright Fee: GBP1.71$c0$e01-Jan-2010$fGBP1.71$g0$hC$5Uk
=ACF  \\$aPrevious Copyright Fee: GBP1.71$c0$e01-oct-2009$fGBP1.71$g0$hC$5Uk
=ACF  \\$aPrevious Copyright Fee: GBP2.04$c0$e01-jul-2009$fGBP2.04$g0$hC$5Uk
=ACF  \\$aPrevious Copyright Fee: GBP2.04$c0$e01-apr-2009$fGBP2.04$g0$hC$5Uk
=ACF  \\$aPrevious Copyright Fee: GBP1.78$c0$e01-jan-2009$fGBP1.78$g0$hC$5Uk
=ACF  \\$aPrevious Copyright Fee: GBP1.43$c0$e01-oct-2008$fGBP1.43$g0$hC$5Uk
=ACF  \\$aPrevious Copyright Fee: GBP1.43$c0$e01-jul-2008$fGBP1.43$g0$hC$5Uk
=ACF  \\$aPrevious Copyright Fee: GBP1.40$c0$e01-apr-2008$fGBP1.40$g0$hC$5Uk
=ACF  \\$aPrevious Copyright Fee: GBP1.43$c0$e01-jan-2008$fGBP1.43$g0$hC$5Uk
=ACF  \\$aPrevious Copyright Fee: GBP1.43$c0$e01-oct-2007$fGBP1.43$g0$hC$5Uk
=ACF  \\$aPrevious Copyright Fee: GBP1.43$c0$e01-jul-2007$fGBP1.43$g0$hC$5Uk
=ACF  \\$aPrevious Copyright Fee: GBP1.46$c0$e01-apr-2007$fGBP1.46$g0$hC$5Uk
=ACF  \\$aPrevious Copyright Fee: GBP1.54$c0$e01-jan-2007$fGBP1.54$g0$hC$5Uk
=ACF  \\$aPrevious Copyright Fee: GBP1.54$c0$e01-oct-2006$fGBP1.54$g0$hC$5Uk
=ACF  \\$aPrevious Copyright Fee: GBP1.63$c0$e01-jul-2006$fGBP1.63$g0$hC$5Uk
=ACF  \\$aPrevious Copyright Fee: GBP1.61$c0$e01-apr-2006$fGBP1.61$g0$hC$5Uk
=ACF  \\$aPrevious Copyright Fee: GBP1.57$c0$e01-jan-2006$fGBP1.57$g0$hC$5Uk
=ACF  \\$aPrevious Copyright Fee: GBP1.52$c0$e01-oct-2005$fGBP1.52$g0$hC$5Uk
=ACF  \\$aPrevious Copyright Fee: GBP1.52$c0$e01-jul-2005$fGBP1.52$g0$hC$5Uk
=ACF  \\$aPrevious Copyright Fee: GBP1.52$c0$e01-apr-2005$fGBP1.52$g0$hC$5Uk
=ACF  \\$aPrevious Copyright Fee: GBP1.57$c0$e01-jan-2005$fGBP1.57$g0$hC$5Uk
=ACF  \\$aPrevious Copyright Fee: GBP1.52$c0$e01-oct-2004$fGBP1.52$g0$hC$5Uk
=ACF  \\$aPrevious copyright fee: GBP1.52$c0$e01-apr-2004$fGBP1.52$g0$hC$5Uk
=ACF  \\$aCurrent copyright fee: GBP1.66$c0$e01-jan-2004$fGBP1.66$g0$hC$5Uk
=ACF  \\$aCurrent copyright fee: GBP1.78$c0$e01-jan-2003$fGBP1.78$g0$hC$5Uk
=ACF  \\$aPrevious Copyright Fee: GBP4.24$c0$e01-jul-2012$fGBP4.24$g0$hC$5Uk
=ACF  \\$aPrevious Copyright Fee: GBP4.52$c0$e01-oct-2012$fGBP4.52$g0$hC$5Uk
=ACF  \\$aPrevious Copyright Fee: GBP15.63$c0$e01-jan-2013$fGBP15.63$g0$hC$5Uk
=ACF  \\$aPrevious Copyright Fee: GBP16.13$c0$e01-jul-2013$fGBP16.13$g0$hC$5Uk
=ACF  \\$aPrevious Copyright Fee: GBP15.00$c0$e01-oct-2013$fGBP15.00$g0$hC$5Uk
=ACF  \\$aPrevious Copyright Fee: GBP15.63$c0$e01-jan-2014$fGBP15.63$g0$hC$5Uk
=ACF  \\$aPrevious Copyright Fee: GBP15.15$c0$e01-jul-2014$fGBP15.15$g0$hC$5Uk
=ACF  \\$aPrevious Copyright Fee: GBP5.18$c0$e01-oct-2014$fGBP5.18$g0$hC$5Uk
=ACF  \\$aPrevious Copyright Fee: GBP7.27$c0$e01-jan-2015$fGBP7.27$g0$hC$5Uk
=ACF  \\$aPrevious Copyright Fee: GBP8.00$c0$e01-apr-2015$fGBP8.00$g0$hC$5Uk
=ACF  \\$aPrevious Copyright Fee: GBP7.74$c0$e01-oct-2015$fGBP7.74$g0$hC$5Uk
=ACF  \\$aPrevious Copyright Fee: GBP8.28$c0$e01-apr-2016$fGBP8.28$g0$hC$5Uk
=ACF  \\$aPrevious Copyright Fee: GBP8.89$c0$e01-oct-2016$fGBP8.89$g0$hC$5Uk
=ACF  \\$aPrevious Copyright Fee: GBP9.60$c0$e01-apr-2017$fGBP9.60$g0$hC$5Uk
=ACF  \\$aPrevious Copyright Fee: GBP9.12$c0$e01-oct-2017$fGBP9.12$g0$hC$5Uk
=ACF  \\$aPrevious Copyright Fee: GBP9.23$c0$e01-jan-2018$fGBP9.23$g0$hC$5Uk
=ACF  \\$aPrevious Copyright Fee: GBP8.57$c0$e01-apr-2018$fGBP8.57$g0$hC$5Uk
=ACF  \\$aPrevious Copyright Fee: GBP9.23$c0$e01-oct-2018$fGBP9.23$g0$hC$5Uk
=ACF  \\$aPrevious Copyright Fee: GBP9.60$c0$e01-oct-2019$fGBP9.60$g0$hC$5Uk
=ACF  \\$aPrevious Copyright Fee: GBP9.23$c0$e01-apr-2020$fGBP9.23$g0$hC$5Uk
=ACF  \\$aPrevious Copyright Fee: GBP9.60$c0$e01-jul-2020$fGBP9.60$g0$hC$5Uk
=ACF  \\$aPrevious Copyright Fee: GBP12.00$c0$e01-apr-2021$fGBP12.00$g0$hC$5Uk
=ACF  \\$aPrevious Copyright Fee: GBP8.65$c0$e01-jul-2021$fGBP8.65$g0$hC$5Uk
=CAT  \\$aCONV$b00$c20040425$lBLL90$h0700
=CAT  \\$aIPL-CLA$c20160930$lBLL01$h1555
=CAT  \\$aBATCH-CLA$b00$c20170228$lBLL01$h1629
=CAT  \\$aIPL-CLA$c20170331$lBLL01$h1838
=CAT  \\$aBATCH-CLA$b00$c20170831$lBLL01$h1627
=CAT  \\$aIPL-CLA$c20170929$lBLL01$h1721
=CAT  \\$aBATCH-CLA$b00$c20171130$lBLL01$h1656
=CAT  \\$aIPL-CLA$c20171231$lBLL01$h1550
=CAT  \\$aBATCH-CLA$b00$c20180228$lBLL01$h1641
=CAT  \\$aIPL-CLA$c20180331$lBLL01$h1612
=CAT  \\$aBATCH-CLA$b00$c20180831$lBLL01$h1627
=CAT  \\$aIPL-CLA$c20180930$lBLL01$h1458
=CAT  \\$aBATCH-CLA$b00$c20190909$lBLL01$h1718
=CAT  \\$aIPL-CLA$c20190930$lBLL01$h1634
=CAT  \\$aBATCH-CLA$b00$c20200228$lBLL01$h1637
=CAT  \\$aIPL-CLA$c20200331$lBLL01$h1610
=CAT  \\$aBATCH-CLA$b00$c20200529$lBLL01$h1535
=CAT  \\$aIPL-CLA$c20200701$lBLL01$h0051
=CAT  \\$aBATCH-CLA$b00$c20210227$lBLL01$h1007
=CAT  \\$aIPL-CLA$c20210331$lBLL01$h1658
=CAT  \\$aBATCH-CLA$b00$c20210528$lBLL01$h1523
=CAT  \\$aIPL-CLA$c20210704$lBLL01$h1016
=CAT  \\$aBATCH-CLA$b00$c20210917$lBLL01$h1600
=CAT  \\$aIPL-CLA$c20210930$lBLL01$h1527
=CAT  \\$aBATCH-CLA$b00$c20211203$lBLL01$h0811
=CAT  \\$aIPL-CLA$c20211231$lBLL01$h1540
=CFI  0\$aCurrent Copyright Fee: GBP6.53$c0$e01-jan-2022$fGBP6.53$g0$hC$5Uk
=CFI  2\$aPrevious Copyright Fee: GBP12.00$c0$e01-oct-2021$fGBP12.00$g0$hC$5Uk
=FIN  \\$aY
=FMT  \\$a  SE
=LAS  \\$aIPL-CLA$b00$c20211231$lBLL01$h1540
=LEO  \\$aMP25.0000096382
=LEO  \\$aMP10.0000125651
=SRC  \\$aSRI01$bbibmp25.200404.2.aa
=SRC  \\$aDSS01$bbibmp10.200404.2.aa
=TCO  \\$aTRS$bCCC$c008
=TOC  \\$aETOC

