=LDR  03727cas a2200949   4500
=001  011743428
=003  Uk
=005  20221231202145.0
=007  ta
=008  040409c19689999enkuu\p\\\\\\\0\\\a0eng\\
=019  c\$a2477879
=019  x\$a5000095685
=022  0\$a0008-6088
=040  \\$aUk$beng$cUk$dUk
=042  \\$aukblsr
=082  04$a052$223
=222  \0$aCara$b(Dublin)
=245  00$aCara /$cAer Lingus.
=246  13$aCara magazine
=260  \\$aDalkey :$bMaxmedia Communications, on behalf of Aer Lingus
=264  31$aLondon :$bPublished on behalf of Aer Lingus by Cedar Communications Limited and Image Media
=300  \\$av. :$bill. (some col.), col. maps, ports. (some col.) ;$c29 cm.
=336  \\$atext$2rdacontent
=337  \\$aunmediated$2rdamedia
=338  \\$avolume$2rdacarrier
=362  1\$aBegan in 1968.
=540  \\$aCurrent Copyright Fee: GBP25.00$c0$5Uk
=588  \\$aDescription based on: June 2011 issue.
=588  \\$aLatest issue consulted: February/March 2020.
=595  \\$aSEE CARD INDEX.
=610  20$aAer Lingus$vPeriodicals.
=650  \0$aAir travel$vPeriodicals.
=710  2\$aAer Lingus.
=852  41$aBritish Library$bHMNTS$jP.803/234
=886  2\$2blmarc$a092$b00$a3050.855100n
=945  \\$aCARA -DUBLIN-.
=979  \\$aBritish Library$bDSC$j3050.855100N$xNot selected
=985  \\$aISSN transfer in process. Vicci, 09.03.2020.
=A02  \\$a2477879
=ACF  \\$aPrevious copyright fee: GBP5.00$c0$e01-oct-2002$fGBP5.00$g0$hC$5Uk
=ACF  \\$aPrevious copyright fee: GBP10.50$c0$e01-jan-2011$fGBP10.50$g0$hA$5Uk
=ACF  \\$aPrevious copyright fee: GBP12.00$c0$e01-jan-2012$fGBP12.00$g0$hA$5Uk
=ACF  \\$aPrevious Copyright Fee: GBP12.30$c0$e01-jan-2014$fGBP12.30$g0$hA$5Uk
=ACF  \\$aPrevious Copyright Fee: GBP15.00$c0$e01-jan-2017$fGBP15.00$g0$hA$5Uk
=ACF  \\$aPrevious Copyright Fee: GBP17.50$c0$e01-jan-2018$fGBP17.50$g0$hA$5Uk
=ACF  \\$aPrevious Copyright Fee: GBP20.00$c0$e01-jan-2020$fGBP20.00$g0$hA$5Uk
=CAT  \\$aCONV$b00$c20040425$lBLL90$h0700
=CAT  \\$aBATCH$b00$c20091210$lBLL01$h0608
=CAT  \\$aBATCH$b00$c20091214$lBLL01$h0818
=CAT  \\$aBATCH$b00$c20091216$lBLL01$h0202
=CAT  \\$aBATCH-UPD$b00$c20101201$lBLL01$h1241
=CAT  \\$aIPL-CLA$c20101231$lBLL01$h1431
=CAT  \\$a11205$b40$c20110705$lBLL01$h1450
=CAT  \\$a11205$b40$c20110705$lBLL01$h1454
=CAT  \\$aWR11_203$c20111204$lBLL01$h1441
=CAT  \\$aIPL-CLA$c20111230$lBLL01$h1936
=CAT  \\$aBATCH-CLA$b00$c20121108$lBLL01$h1734
=CAT  \\$aWR13.005$c20130323$lBLL01$h1205
=CAT  \\$aBATCH-CLA$c20131219$lBLL01$h1857
=CAT  \\$aIPL-CLA$c20131231$lBLL01$h2230
=CAT  \\$aBATCH-CLA$b00$c20161222$lBLL01$h1748
=CAT  \\$aIPL-CLA$c20161230$lBLL01$h2030
=CAT  \\$aBATCH-CLA$b00$c20171222$lBLL01$h2102
=CAT  \\$aIPL-CLA$c20171231$lBLL01$h1551
=CAT  \\$aBATCH-CLA$b00$c20191219$lBLL01$h1715
=CAT  \\$aIPL-CLA$c20191231$lBLL01$h1857
=CAT  \\$aR2001-1524$c20200127$lBLL01$h1954
=CAT  \\$a11313$b40$c20200309$lBLL01$h0928
=CAT  \\$aBATCH-CLA$b00$c20201204$lBLL01$h1515
=CAT  \\$aIPL-CLA$c20201231$lBLL01$h2115
=CAT  \\$aBATCH-CLA$b00$c20221221$lBLL01$h1822
=CAT  \\$aIPL-CLA$c20221231$lBLL01$h2021
=CFI  0\$aCurrent Copyright Fee: GBP25.00$c0$e01-jan-2023$fGBP25.00$g0$hA$5Uk
=CFI  2\$aPrevious Copyright Fee: GBP22.50$c0$e01-jan-2021$fGBP22.50$g0$hA$5Uk
=FIN  \\$aY$d20110705
=FMT  \\$a  SE
=LAS  \\$aIPL-CLA$b00$c20221231$lBLL01$h2021
=LEO  \\$aMP10.0000133553
=LEO  \\$aMP1.0004410353
=SRC  \\$aBLS01$bbibmp1.200404.2.ae
=SRC  \\$aDSS01$bbibmp10.200404.2.aa
=TCO  \\$aIRL$bICLA$c008

