=LDR  05546cas a22012017a 4500
=001  011752256
=003  Uk
=005  20230210005804.0
=007  ta
=008  811006d19351996enkar\p\\r\\\\0\\\a0eng\\
=019  0\$as16595700x
=019  x\$a2541420234
=019  c\$a2103236
=022  0\$a0076-4647
=040  \\$aUk$cUk$dUk
=084  \\$aAA 656$2blsrissc
=222  \0$aMarkets year book
=245  00$aMarkets year book.
=246  1\$aMarkets yearbook
=246  1\$aMarket yearbook
=246  14$a'World's fair' markets year book
=260  \\$aOldham :$b"The World's Fair"
=300  \\$c21cm.
=310  \\$aAnnual
=336  \\$atext$2rdacontent
=337  \\$aunmediated$2rdamedia
=338  \\$avolume$2rdacarrier
=500  \\$aAt head of cover: Market trader and shopkeeper.
=500  \\$aAlso entitled: Markets yearbook, and: Market yearbook.
=540  \\$aCurrent Copyright Fee: GBP25.00$c0$5Uk
=580  \\$aContinued by: Market yearbook.
=595  \\$aSEE ALSO SERIAL RECORDS USC.
=740  0\$aMarket yearbook.
=772  0\$tMarket trader and shopkeeper$x1361-9055
=785  00$tMarket yearbook
=852  41$aBritish Library$bDSC$j5381.698500$31977- 1978 *A=1; 1982- 1984 *A=1; 1986- 1999 *A=1
=852  71$aBritish Library$bSTI$3No longer held
=852  41$aBritish Library$bHMNTS$jPP.2487.mak
=945  \\$aMARKETS YEAR BOOK -OLDHAM-.
=959  \\$fHeld but not currently received
=985  \\$aNOTE: Although this record contains a UK ISSN, the ISSN record is separate - see 013305045. This record was closed and a c/t recorded without the original ISSN record being completed. No new ISSN was assigned for the new title and the original ISSN remains open as the title change is now a minor one. MB 02.10.05.
=ACF  \\$aPrevious Copyright Fee: GBP12.00$c0$e01-apr-2012$fGBP12.00$g0$hC$5Uk
=ACF  \\$aPrevious Copyright Fee: GBP12.00$c0$e01-jan-2012$fGBP12.00$g0$hC$5Uk
=ACF  \\$aPrevious Copyright Fee: GBP10.50$c0$e01-oct-2011$fGBP10.50$g0$hC$5Uk
=ACF  \\$aPrevious Copyright Fee: GBP10.50$c0$e01-jul-2011$fGBP10.50$g0$hC$5Uk
=ACF  \\$aPrevious Copyright Fee: GBP10.50$c0$e01-apr-2011$fGBP10.50$g0$hC$5Uk
=ACF  \\$aPrevious Copyright Fee: GBP10.50$c0$e01-jan-2011$fGBP10.50$g0$hC$5Uk
=ACF  \\$aPrevious Copyright Fee: GBP9.00$c0$e01-oct-2010$fGBP9.00$g0$hC$5Uk
=ACF  \\$aPrevious Copyright Fee: GBP9.00$c0$e01-jul-2010$fGBP9.00$g0$hC$5Uk
=ACF  \\$aPrevious copyright fee: GBP9.00$c0$e01-apr-2010$fGBP9.00$g0$hA$5Uk
=ACF  \\$aPrevious copyright fee: GBP6.00$c0$e01-apr-2008$fGBP6.00$g0$hA$5Uk
=ACF  \\$aPrevious copyright fee: GBP5.00$c0$e01-jul-2002$fGBP5.00$g0$hA$5Uk
=ACF  \\$aCurrent copyright fee: GBP2.50$c0$e01-jul-1998$fGBP2.50$g0$hC$5Uk
=ACF  \\$aCurrent copyright fee: GBP2.30$c0$e01-apr-1997$fGBP2.30$g0$hC$5Uk
=ACF  \\$aPrevious Copyright Fee: GBP12.00$c0$e01-jul-2012$fGBP12.00$g0$hC$5Uk
=ACF  \\$aPrevious Copyright Fee: GBP12.00$c0$e01-oct-2012$fGBP12.00$g0$hC$5Uk
=ACF  \\$aPrevious Copyright Fee: GBP12.30$c0$e01-jan-2014$fGBP12.30$g0$hC$5Uk
=ACF  \\$aPrevious Copyright Fee: GBP15.00$c0$e01-jan-2017$fGBP15.00$g0$hC$5Uk
=ACF  \\$aPrevious Copyright Fee: GBP17.50$c0$e01-jan-2018$fGBP17.50$g0$hC$5Uk
=ACF  \\$aPrevious Copyright Fee: GBP20.00$c0$e01-jan-2020$fGBP20.00$g0$hC$5Uk
=ACF  \\$aPrevious Copyright Fee: GBP22.50$c0$e01-jan-2021$fGBP22.50$g0$hC$5Uk
=CAT  \\$aCONV$b00$c20040425$lBLL90$h0706
=CAT  \\$aIPL-CLA$c20110630$lBLL01$h1536
=CAT  \\$aBATCH-CLA$b00$c20110831$lBLL01$h1809
=CAT  \\$aIPL-CLA$c20110930$lBLL01$h1539
=CAT  \\$aBATCH-CLA$b00$c20111130$lBLL01$h1219
=CAT  \\$aIPL-CLA$c20111230$lBLL01$h1940
=CAT  \\$aBATCH-CLA$b00$c20120229$lBLL01$h1632
=CAT  \\$aIPL-CLA$c20120330$lBLL01$h1426
=CAT  \\$aBATCH-CLA$b00$c20120531$lBLL01$h1723
=CAT  \\$aIPL-CLA$c20120629$lBLL01$h1024
=CAT  \\$aBATCH-CLA$b00$c20120831$lBLL01$h1546
=CAT  \\$aIPL-CLA$c20120930$lBLL01$h2104
=CAT  \\$aBATCH-CLA$b00$c20121108$lBLL01$h1732
=CAT  \\$aWR13.005$c20130323$lBLL01$h1210
=CAT  \\$aBATCH-CLA$b00$c20131129$lBLL01$h1703
=CAT  \\$aIPL-CLA$c20131231$lBLL01$h2234
=CAT  \\$aBATCH-CLA$b00$c20161130$lBLL01$h1646
=CAT  \\$aIPL-CLA$c20161230$lBLL01$h2034
=CAT  \\$aBATCH-CLA$b00$c20171130$lBLL01$h1713
=CAT  \\$aIPL-CLA$c20171231$lBLL01$h1554
=CAT  \\$aBATCH-CLA$b00$c20191129$lBLL01$h1631
=CAT  \\$aIPL-CLA$c20191231$lBLL01$h1859
=CAT  \\$aBATCH-CLA$b00$c20201126$lBLL01$h1421
=CAT  \\$aIPL-CLA$c20201231$lBLL01$h2118
=CAT  \\$aBATCH-CLA$b00$c20221130$lBLL01$h1458
=CAT  \\$aIPL-CLA$c20221231$lBLL01$h2023
=CAT  \\$aBATCH-CLA$b00$c20230209$lBLL01$h1545
=CAT  \\$aIPL-CLA$c20230210$lBLL01$h0058
=CFI  0\$aCurrent Copyright Fee: GBP25.00$c0$e09-feb-2023$fGBP25.00$g0$hC$5Uk
=CFI  2\$aBritish Library not licensed to copy$c0$e01-jan-2023$hC$iCFP Excluded$5Uk
=FIN  \\$aY
=FMT  \\$a  SE
=LAS  \\$aIPL-CLA$b00$c20230210$lBLL01$h0058
=LEO  \\$aMP10.0000359459
=LEO  \\$aMP25.0000066844
=LEO  \\$aMP1.0003046345
=SRC  \\$aBLS01$bbibmp1.200404.2.ad
=SRC  \\$aSRI01$bbibmp25.200404.2.aa
=SRC  \\$aDSS03$bbibsr.200404.2.aa
=SRC  \\$aDSS01$bbibmp10.200404.2.aa
=SSD  \\$a50300{dollar}aContinued by: Market yearbook; 74510{dollar}aMarkets yearbook; 74510{dollar}aMarket yearbook; 74510{dollar}aMarket trader and shopkeeper{dollar}w1361-9055; 74500{dollar}aMarket yearbook
=TCO  \\$aCLA$bCLA$c008

