=LDR  07044cas a22014897a 4500
=001  011755465
=003  Uk
=005  20220930142546.0
=007  ta
=008  950822c19959999at\qr\p\\\\\\\0\\\a0eng\c
=010  \\$asn 97034282 
=016  \\$a011755465
=019  c\$a2518553
=022  0\$a1324-5325$y1329-878X
=035  \\$a(OCoLC)33024754
=040  \\$aFXN$beng$cFXN$dUIU$dIUL$dORU$dSYS$dOCLCQ$dDLC$dNLGGC$dLVB$dCEF$dOCLCQ$dUKMGB$dOCLCQ$dCUS$dUMC$dOCLCO$dOCLCF$dOCLCO$dUk
=042  \\$aukblsr
=043  \\$aat-----
=050  00$aP87$b.M362
=050  14$aPN5511.M442
=082  04$a302.23$223
=222  \0$aMedia international Australia
=245  00$aMedia international Australia.
=246  30$aMIA
=246  13$aMIA-C & P$fFeb. 1998-
=246  13$aMedia international Australia incorporating Culture & policy$fNov. 2002-
=246  16$aMedia international Australia, culture & policy$fFeb. 1998-
=260  \\$aNorth Ryde, N.S.W. :$bAustralian Film Television & Radio School,$cc1995-
=260  2\$a[Nathan, Qld.] :$bAustralian Key Centre for Cultural & Media Policy
=264  21$32008-$aSt. Lucia, Qld. :$bSchool of Journalism and Communication
=264  31$32016-$a[Melbourne?] :$bSAGE Publications Ltd
=300  \\$av. ;$c25 cm.
=310  \\$aQuarterly
=336  \\$atext$2rdacontent
=337  \\$aunmediated$2rdamedia
=338  \\$avolume$2rdacarrier
=362  0\$aNo. 77 (Aug. 1995)-
=500  \\$aEach issue has also a distinctive title.
=500  \\$aTitle from cover.
=540  \\$aCurrent copyright fee: GBP32.82$c19\0$5Uk
=588  \\$aLatest issue consulted: volume 158, number 1 (February 2016).
=595  \\$aFORMERLY 5525.25815 UP TO NO. 76, 1995.
=650  \0$aMass media$xSocial aspects$vPeriodicals.
=650  \0$aMass media$zAustralia$vPeriodicals.
=650  \0$aCommunication$zAustralia$vPeriodicals.
=650  \6$aMédias$xAspect social$vPériodiques.
=650  \6$aMédias$zAustralie$vPériodiques.
=650  \6$aCommunication$zAustralie$vPériodiques.
=650  17$aMassamedia.$2gtt
=650  \7$aCommunication.$2fast$0(OCoLC)fst00869952
=650  \7$aCultural policy.$2fast$0(OCoLC)fst00885007
=650  \7$aMass media.$2fast$0(OCoLC)fst01011219
=650  \7$aMass media$xSocial aspects.$2fast$0(OCoLC)fst01011303
=651  \0$aAustralia$xCultural policy$vPeriodicals.
=651  \7$aAustralia.$2fast$0(OCoLC)fst01204543
=655  \7$aPeriodicals.$2fast$0(OCoLC)fst01411641
=710  2\$aAustralian Film, Television & Radio School.
=710  2\$aUniversity of Queensland.$bSchool of Journalism and Communication.
=710  2\$aUniversity of Queensland.$bCentre for Critical and Cultural Studies.
=776  08$iOnline version:$tMedia international Australia (Online)$x2200-467X
=780  00$tMedia information Australia$x0312-9616
=780  05$tCulture and policy$gno. 86$x1033-8713
=785  00$tMedia international Australia, incorporating culture and policy$x1329-878X
=852  41$aBritish Library$bDSC$j5525.258185$3No. 77 (1995)-***UKRR Retained Title***Stock incomplete
=856  \\$31850-9999$uhttp://www.uk.sagepub.com/home.nav$xBLDSS
=945  \\$aMedia international Australia
=959  \\$fCurrently received
=985  \\$aCorrected by MS generated file for WR# 12.018
=985  \\$apreviously this record was closed with 1997 in 008, and 2007 in 260 but stock rec'd to no.158 2016; there was a C/T to 17442643 (mirroring way Australian ISSNs had been assigned) with no stock (and it should have been a minor C/T anyway on this record -incorporating Culture & policy from 2002-2007). So 17442643 merged into this.
=A02  \\$a2518553
=ACF  \\$aPrevious copyright fee: GBP5.00$c0$e01-jul-2002$fGBP5.00$g0$hC$5Uk
=ACF  \\$aCurrent copyright fee: GBP2.50$c0$e01-jul-1998$fGBP2.50$g0$hC$5Uk
=ACF  \\$aCurrent copyright fee: GBP2.30$c0$e01-apr-1997$fGBP2.30$g0$hC$5Uk
=ACF  \\$aPrevious copyright fee: GBP10.50$c0$e01-jan-2011$fGBP10.50$g0$hA$5Uk
=ACF  \\$aPrevious copyright fee: GBP12.00$c0$e01-jan-2012$fGBP12.00$g0$hA$5Uk
=ACF  \\$aPrevious Copyright Fee: GBP12.30$c0$e01-jan-2014$fGBP12.30$g0$hA$5Uk
=ACF  \\$aPrevious Copyright Fee: GBP19.00$c0$e01-jul-2016$fGBP19.00$g0$hC$5Uk
=ACF  \\$aPrevious Copyright Fee: GBP32.00$c0$e01-jul-2017$fGBP32.00$g0$hC$5Uk
=ACF  \\$aPrevious Copyright Fee: GBP32.00$c0$e01-jan-2018$fGBP32.00$g0$hC$5Uk
=ACF  \\$aPrevious Copyright Fee: GBP30.00$c0$e01-oct-2017$fGBP30.00$g0$hC$5Uk
=ACF  \\$aPrevious copyright fee: GBP27.69$c19\0$e06-mar-2018$fGBP27.69$g0$hP$5Uk
=ACF  \\$aPrevious copyright fee: GBP25.71$c19\0$e01-apr-2018$fGBP25.71$g0$hP$5Uk
=ACF  \\$aPrevious copyright fee: GBP27.69$c19\0$e01-oct-2018$fGBP27.69$g0$hP$5Uk
=ACF  \\$aPrevious copyright fee: GBP29.08$c19\0$e01-jul-2019$fGBP29.08$g0$hP$5Uk
=ACF  \\$aPrevious copyright fee: GBP30.24$c19\0$e01-oct-2019$fGBP30.24$g0$hP$5Uk
=ACF  \\$aPrevious copyright fee: GBP30.29$c19\0$e01-apr-2020$fGBP30.29$g0$hP$5Uk
=ACF  \\$aPrevious copyright fee: GBP31.50$c19\0$e01-jul-2020$fGBP31.50$g0$hP$5Uk
=ACF  \\$aPrevious copyright fee: GBP29.17$c19\0$e01-apr-2021$fGBP29.17$g0$hP$5Uk
=ACF  \\$aPrevious copyright fee: GBP28.13$c19\0$e07-jul-2021$fGBP28.13$g0$hP$5Uk
=CAT  \\$aCONV$b00$c20040425$lBLL90$h0706
=CAT  \\$aIPL-CLA$c20170929$lBLL01$h1722
=CAT  \\$aBATCH-CLA$b00$c20171130$lBLL01$h1656
=CAT  \\$aIPL-CLA$c20171231$lBLL01$h1555
=CAT  \\$a5552$b40$c20180306$lBLL01$h1526
=CAT  \\$aBLDSS-3PM$b00$c20180315$lBLL01$h1208
=CAT  \\$aBATCH-UPD$b00$c20180315$lBLL01$h1208
=CAT  \\$aIPL-CLA$c20180331$lBLL01$h1612
=CAT  \\$aBATCH-UPD$b00$c20180823$lBLL01$h1934
=CAT  \\$aIPL-CLA$c20180930$lBLL01$h1458
=CAT  \\$aBATCH-UPD$b00$c20190521$lBLL01$h1406
=CAT  \\$aIPL-CLA$c20190630$lBLL01$h1530
=CAT  \\$aBATCH-UPD$b00$c20190829$lBLL01$h1515
=CAT  \\$aIPL-CLA$c20190930$lBLL01$h1634
=CAT  \\$aBATCH-UPD$b00$c20200219$lBLL01$h1508
=CAT  \\$aIPL-CLA$c20200331$lBLL01$h1610
=CAT  \\$aBATCH-UPD$b00$c20200522$lBLL01$h1446
=CAT  \\$aIPL-CLA$c20200701$lBLL01$h0051
=CAT  \\$aBATCH-UPD$b00$c20210226$lBLL01$h1027
=CAT  \\$aIPL-CLA$c20210331$lBLL01$h1658
=CAT  \\$aBATCH-UPD$b00$c20210707$lBLL01$h1551
=CAT  \\$aIPL-CLA$c20210707$lBLL01$h1842
=CAT  \\$aBATCH-UPD$b00$c20220520$lBLL01$h1638
=CAT  \\$aIPL-CLA$c20220630$lBLL01$h1536
=CAT  \\$aBATCH-UPD$b00$c20220824$lBLL01$h0904
=CAT  \\$aIPL-CLA$c20220930$lBLL01$h1425
=CFI  0\$aCurrent copyright fee: GBP32.82$c19\0$e01-oct-2022$fGBP32.82$g0$hP$5Uk
=CFI  2\$aPrevious copyright fee: GBP31.50$c19\0$e01-jul-2022$fGBP31.50$g0$hP$5Uk
=FFP  \\$aY$bBLDSS-3PM
=FIN  \\$aY
=FMT  \\$a  SE
=LAS  \\$aIPL-CLA$b00$c20220930$lBLL01$h1425
=LEO  \\$aMP10.0000363821
=SID  \\$aZ39$bOCLC
=SRC  \\$aDSS01$bbibmp10.200404.2.aa
=TCO  \\$aAUS$bCAL$c008
=TOC  \\$aETOC
=UNO  \\$aY

