=LDR  05898 as a22012373  4500
=001  011772691
=003  Uk
=005  20160421154214.0
=008  040410d1992200uxxuar\p\\\\\\\0\\\a0eng\\
=019  c\$a2486629
=022  0\$a1075-0576
=040  \\$aUk$cUk$dUk
=082  00$a303.4905$220
=130  0\$aVital signs (New York, N.Y.)
=210  0\$aVital signs$b(N.Y. N.Y.)
=222  \0$aVital signs$b(New York, N.Y.)
=245  10$aVital signs :$bthe trends that are shaping our future.
=264  31$aWashington, DC:$bIsland Press
=300  \\$av. :$bill. ;$c24 cm.
=310  \\$aAnnual
=336  \\$atext$2rdacontent
=337  \\$aunmediated$2rdamedia
=338  \\$avolume$2rdacarrier
=362  0\$a1992-
=500  \\$aSubtitle varies slightly.
=515  \\$aVol. for 1992- called also 1st ed.-
=540  \\$aCurrent Copyright Fee: GBP4.80$c0$5Uk
=550  \\$aIssued by the Worldwatch Institute; <2002-> issued by the Worldwatch Institute in cooperation with the United Nations Environment Programme.
=580  \\$aPublished also in a London ed. by Earthscan Publications.
=588  \\$aLatest issue consulted: 2012 issue (The trends that are shaping our future).
=595  \\$aSEE ALSO 9241.85305.
=650  \0$aEconomic forecasting$vPeriodicals.
=650  \0$aSocial prediction$vPeriodicals.
=650  \0$aEnvironmental indicators$vPeriodicals.
=650  \0$aSocial indicators$vPeriodicals.
=650  \0$aEconomic indicators$vPeriodicals.
=690  7\$aSocial Welfare$2blcoll
=852  41$aBritish Library$bHMNTS$jYC.2003.a.15770
=852  41$aBritish Library$bHMNTS$jYC.1996.b.6919
=852  41$aBritish Library$bHMNTS$jYK.1998.b.4572
=852  41$aBritish Library$bDSC$j9241.853100$31992-v. 22 (2015)
=945  \\$aVital signs - New York and London - Worldwatch Institute-
=959  \\$fHeld but not currently received
=985  \\$aCorrected by MS generated file for WR# 12.018
=985  \\$aThe British edition is published by Earthscan and was assigned ISSN 1352-0474. In practice the contents of the "British" and "American" editions is absolutely identical, only the cover designs vary.
=A02  \\$a2486629
=ACF  \\$aPrevious Copyright Fee: GBP3.87$c0$e01-apr-2012$fGBP3.87$g0$hC$5Uk
=ACF  \\$aPrevious Copyright Fee: GBP3.60$c0$e01-jan-2012$fGBP3.60$g0$hC$5Uk
=ACF  \\$aPrevious Copyright Fee: GBP3.60$c0$e01-oct-2011$fGBP3.60$g0$hC$5Uk
=ACF  \\$aPrevious Copyright Fee: GBP3.60$c0$e01-jul-2011$fGBP3.60$g0$hC$5Uk
=ACF  \\$aPrevious copyright fee: GBP10.50$c0$e01-jan-2011$fGBP10.50$g0$hA$5Uk
=ACF  \\$aPrevious copyright fee: GBP9.00$c0$e01-apr-2010$fGBP9.00$g0$hA$5Uk
=ACF  \\$aPrevious copyright fee: GBP6.00$c0$e01-apr-2008$fGBP6.00$g0$hA$5Uk
=ACF  \\$aPrevious copyright fee: GBP5.00$c0$e01-jul-2002$fGBP5.00$g0$hA$5Uk
=ACF  \\$aCurrent copyright fee: GBP2.50$c0$e01-jul-1998$fGBP2.50$g0$hC$5Uk
=ACF  \\$aCurrent copyright fee: GBP2.30$c0$e01-apr-1997$fGBP2.30$g0$hC$5Uk
=ACF  \\$aPrevious Copyright Fee: GBP3.64$c0$e01-jul-2012$fGBP3.64$g0$hC$5Uk
=ACF  \\$aPrevious Copyright Fee: GBP3.87$c0$e01-oct-2012$fGBP3.87$g0$hC$5Uk
=ACF  \\$aPrevious Copyright Fee: GBP3.75$c0$e01-jan-2013$fGBP3.75$g0$hC$5Uk
=ACF  \\$aPrevious Copyright Fee: GBP3.87$c0$e01-jul-2013$fGBP3.87$g0$hC$5Uk
=ACF  \\$aPrevious Copyright Fee: GBP3.60$c0$e01-oct-2013$fGBP3.60$g0$hC$5Uk
=ACF  \\$aPrevious Copyright Fee: GBP3.75$c0$e01-jan-2014$fGBP3.75$g0$hC$5Uk
=ACF  \\$aPrevious Copyright Fee: GBP3.64$c0$e01-jul-2014$fGBP3.64$g0$hC$5Uk
=ACF  \\$aPrevious Copyright Fee: GBP4.00$c0$e01-apr-2015$fGBP4.00$g0$hC$5Uk
=ACF  \\$aPrevious Copyright Fee: GBP3.87$c0$e01-oct-2015$fGBP3.87$g0$hC$5Uk
=ACF  \\$aPrevious Copyright Fee: GBP4.14$c0$e01-apr-2016$fGBP4.14$g0$hC$5Uk
=ACF  \\$aPrevious Copyright Fee: GBP4.44$c0$e01-oct-2016$fGBP4.44$g0$hC$5Uk
=ACF  \\$aPrevious Copyright Fee: GBP4.80$c0$e01-apr-2017$fGBP4.80$g0$hC$5Uk
=ACF  \\$aPrevious Copyright Fee: GBP4.56$c0$e01-oct-2017$fGBP4.56$g0$hC$5Uk
=ACF  \\$aPrevious Copyright Fee: GBP4.62$c0$e01-jan-2018$fGBP4.62$g0$hC$5Uk
=ACF  \\$aPrevious Copyright Fee: GBP4.29$c0$e01-apr-2018$fGBP4.29$g0$hC$5Uk
=CAT  \\$aCONV$b00$c20040425$lBLL90$h0712
=CAT  \\$aBATCH-CLA$b00$c20131129$lBLL01$h1643
=CAT  \\$aIPL-CLA$c20131231$lBLL01$h2245
=CAT  \\$aBATCH-CLA$b00$c20140530$lBLL01$h1705
=CAT  \\$aIPL-CLA$c20140630$lBLL01$h1714
=CAT  \\$aBATCH-CLA$b00$c20150227$lBLL01$h1628
=CAT  \\$aIPL-CLA$c20150331$lBLL01$h1630
=CAT  \\$aBATCH-CLA$b00$c20150828$lBLL01$h1540
=CAT  \\$aIPL-CLA$c20150930$lBLL01$h1757
=CAT  \\$aBATCH-CLA$b00$c20160229$lBLL01$h1616
=CAT  \\$aIPL-CLA$c20160331$lBLL01$h1717
=CAT  \\$a8335$b40$c20160421$lBLL01$h1542
=CAT  \\$aBATCH-CLA$b00$c20160831$lBLL01$h1648
=CAT  \\$aIPL-CLA$c20160930$lBLL01$h1556
=CAT  \\$aBATCH-CLA$b00$c20170228$lBLL01$h1631
=CAT  \\$aIPL-CLA$c20170331$lBLL01$h1838
=CAT  \\$aBATCH-CLA$b00$c20170831$lBLL01$h1630
=CAT  \\$aIPL-CLA$c20170929$lBLL01$h1722
=CAT  \\$aBATCH-CLA$b00$c20171130$lBLL01$h1704
=CAT  \\$aIPL-CLA$c20171231$lBLL01$h1600
=CAT  \\$aBATCH-CLA$b00$c20180228$lBLL01$h1645
=CAT  \\$aIPL-CLA$c20180331$lBLL01$h1612
=CAT  \\$aBATCH-CLA$b00$c20180831$lBLL01$h1624
=CAT  \\$aIPL-CLA$c20180930$lBLL01$h1459
=CAT  \\$aBATCH-CLA$b00$c20190909$lBLL01$h1717
=CAT  \\$aIPL-CLA$c20190930$lBLL01$h1634
=CFI  0\$aCurrent Copyright Fee: GBP4.80$c0$e01-oct-2019$fGBP4.80$g0$hC$5Uk
=CFI  2\$aPrevious Copyright Fee: GBP4.62$c0$e01-oct-2018$fGBP4.62$g0$hC$5Uk
=FIN  \\$aY
=FMT  \\$a  SE
=LAS  \\$aIPL-CLA$b00$c20190930$lBLL01$h1634
=LEO  \\$aMP10.0000603304
=MIS  \\$ak-sep
=SRC  \\$aDSS01$bbibmp10.200404.2.aa
=TCO  \\$aTRS$bCCC$c008

