=LDR  09137 as a22018253  4500
=001  011774879
=003  Uk
=005  20200331161050.0
=008  871028d19872003enkqr\p\\\\\\\0\\\\0eng\d
=010  \\$a88654725$zsn 88016834
=015  \\$aGB8831115$2bnb
=016  7\$a8906324$2DNLM
=016  7\$aSR0058542$2DNLM
=019  c\$a2353620
=019  y\$ab8831115
=019  9\$ab8831115
=019  0\$as550773002
=022  0\$a0951-7359
=035  \\$a(OCoLC)ocm16907351
=039  0\$a1985
=040  \\$aUk$cUk
=042  \\$alc
=043  \\$ae-uk---
=050  00$aTD201$b.W29
=060  00$aW1$bWA69E
=070  0\$aTD420$b.W374
=072  \0$aW000
=072  \0$aP200
=082  00$a628.105$220
=084  \\$aSL 00$2blsrissc
=084  \\$aOM 38$2blsrissc
=245  00$aWater and environmental management :$bjournal of the Institution of Water and Environmental Management.
=246  14$aJournal of the Institution of Water and Environmental Management$f1987-Feb. 1995
=246  14$aJournal of the Chartered Institution of Water and Environmental Management$fMar. 1995-<2001>
=246  14$aJournal$f<Mar. 2002>-Nov. 2003
=246  18$aWater and environmental management journal$f<Mar. 2002>-Nov. 2003
=260  \\$aLondon :$bThe Chartered Institution of Water and Environmental Management,$cc1987-c2003.
=300  \\$a16 v. :$bill. ;$c25-30 cm.
=310  \\$aFour issues yearly,$b2001-2003
=321  \\$aBimonthly,$b1987-2000
=336  \\$atext$2rdacontent
=337  \\$aunmediated$2rdamedia
=338  \\$avolume$2rdacarrier
=362  0\$aVol. 1, no. 1 (Aug. 1987)-v. 18, no. 4 (Nov. 2003)
=540  \\$aCurrent copyright fee: GBP32.00$c35\0$5Uk
=550  \\$aPublished by: Chartered Institution of Water and Environmental Management, Mar. 1995-2002.
=555  \\$aVols. 1 (1987)-2 (1988) in v. 2, no. 6.
=580  \\$aFormed by the union of: Water pollution control, and: Institution of Water Engineers and Scientists. Journal of the Institution of Water Engineers and Scientists, and: Public health engineer.
=595  \\$aFORMERLY 4802.003 UP TO VOL. 41, 1987 ALSO FORMERLY 6963.925 UP TO VOL. 14, 1987 ALSO FORMERLY 9271.1 UP TO VOL. 86(1), 1987 CONTD AS 9267.574200 VOL. 18(1), 2004- SEE ALSO 4725.18 AND 4801.9 FOR SRIS HOLDINGS SEE ALSO SERIAL RECORDS ICE MET AND CARD INDEX.
=650  \0$aWater-supply$vPeriodicals.
=650  \0$aEnvironmental management$vPeriodicals.
=650  \0$aWater-supply engineering$vPeriodicals.
=650  \0$aPollution$vPeriodicals.
=650  \2$aEnvironmental Health$vPeriodicals.
=650  \2$aWater Pollution$vPeriodicals.
=710  2\$aInstitution of Water and Environmental Management.
=710  2\$aChartered Institution of Water and Environmental Management.
=780  14$tWater pollution control$x0043-129X
=780  14$tJournal of the Institution of Water Engineers and Scientists$x0309-1600
=780  14$tPublic health engineer$x0300-5925
=785  00$tJournal (Chartered Institution of Water and Environmental Management)
=852  41$aBritish Library$bDSC$j9267.575000$3Vol. 1, no. 1 (1987)-v. 17, no. 4 (2003)***UKRR Retained Title
=852  71$aBritish Library$bSTI$k(P)$hSL 00$m-E(37)$2blsrissc$31987-1995; Vol.1 - vol.9, no.1
=856  \\$31850-9999$uhttp://onlinelibrary.wiley.com/$xBLDSS
=945  \\$aWATER AND ENVIRONMENTAL MANAGEMENT JOURNAL.
=959  \\$fHeld but not currently received
=963  \\$aVOL. 1, 1987- *A=1$bN$cP427:7.C.31
=964  \\$aVOL. 1, 1987- *A=1$c628$dO$eJW113
=985  \\$aRecord merged by DQ team
=985  \\$aISSN record has incorrect change of title. Do not merge ISSN record into this bib record.
=A02  \\$a2353620
=A02  \\$a2342945$z20015
=ACF  \\$aPrevious Copyright Fee: GBP12.00$c0$e01-apr-2012$fGBP12.00$g0$hC$5Uk
=ACF  \\$aPrevious Copyright Fee: GBP12.00$c0$e01-jan-2012$fGBP12.00$g0$hC$5Uk
=ACF  \\$aPrevious Copyright Fee: GBP10.50$c0$e01-oct-2011$fGBP10.50$g0$hC$5Uk
=ACF  \\$aPrevious Copyright Fee: GBP10.50$c0$e01-jul-2011$fGBP10.50$g0$hC$5Uk
=ACF  \\$aPrevious Copyright Fee: GBP10.50$c0$e01-apr-2011$fGBP10.50$g0$hC$5Uk
=ACF  \\$aPrevious Copyright Fee: GBP10.50$c0$e01-jan-2011$fGBP10.50$g0$hC$5Uk
=ACF  \\$aPrevious Copyright Fee: GBP9.00$c0$e01-oct-2010$fGBP9.00$g0$hC$5Uk
=ACF  \\$aPrevious Copyright Fee: GBP9.00$c0$e01-jul-2010$fGBP9.00$g0$hC$5Uk
=ACF  \\$aPrevious Copyright Fee: GBP9.00$c0$e01-apr-2010$fGBP9.00$g0$hC$5Uk
=ACF  \\$aPrevious Copyright Fee: GBP9.00$c0$e01-Jan-2010$fGBP9.00$g0$hC$5Uk
=ACF  \\$aPrevious Copyright Fee: GBP6.00$c0$e01-oct-2009$fGBP6.00$g0$hC$5Uk
=ACF  \\$aPrevious Copyright Fee: GBP6.00$c0$e01-jul-2009$fGBP6.00$g0$hC$5Uk
=ACF  \\$aPrevious Copyright Fee: GBP6.00$c0$e01-apr-2009$fGBP6.00$g0$hC$5Uk
=ACF  \\$aPrevious Copyright Fee: GBP6.00$c0$e01-jan-2009$fGBP6.00$g0$hC$5Uk
=ACF  \\$aPrevious Copyright Fee: GBP6.00$c0$e01-oct-2008$fGBP6.00$g0$hC$5Uk
=ACF  \\$aPrevious Copyright Fee: GBP6.00$c0$e01-jul-2008$fGBP6.00$g0$hC$5Uk
=ACF  \\$aPrevious Copyright Fee: GBP6.00$c0$e01-apr-2008$fGBP6.00$g0$hC$5Uk
=ACF  \\$aPrevious Copyright Fee: GBP6.00$c0$e01-jan-2008$fGBP6.00$g0$hC$5Uk
=ACF  \\$aPrevious Copyright Fee: GBP5.00$c0$e01-oct-2007$fGBP5.00$g0$hC$5Uk
=ACF  \\$aPrevious Copyright Fee: GBP5.00$c0$e01-jul-2007$fGBP5.00$g0$hC$5Uk
=ACF  \\$aPrevious Copyright Fee: GBP5.00$c0$e01-apr-2007$fGBP5.00$g0$hC$5Uk
=ACF  \\$aPrevious Copyright Fee: GBP5.00$c0$e01-jan-2007$fGBP5.00$g0$hC$5Uk
=ACF  \\$aPrevious Copyright Fee: GBP5.00$c0$e01-oct-2006$fGBP5.00$g0$hC$5Uk
=ACF  \\$aPrevious Copyright Fee: GBP5.00$c0$e01-jul-2006$fGBP5.00$g0$hC$5Uk
=ACF  \\$aPrevious Copyright Fee: GBP5.00$c0$e01-apr-2006$fGBP5.00$g0$hC$5Uk
=ACF  \\$aPrevious Copyright Fee: GBP5.00$c0$e01-jan-2006$fGBP5.00$g0$hC$5Uk
=ACF  \\$aPrevious Copyright Fee: GBP5.00$c0$e01-oct-2005$fGBP5.00$g0$hC$5Uk
=ACF  \\$aPrevious Copyright Fee: GBP5.00$c0$e01-jul-2005$fGBP5.00$g0$hC$5Uk
=ACF  \\$aPrevious Copyright Fee: GBP5.00$c0$e01-apr-2005$fGBP5.00$g0$hC$5Uk
=ACF  \\$aPrevious Copyright Fee: GBP5.00$c0$e01-jan-2005$fGBP5.00$g0$hC$5Uk
=ACF  \\$aPrevious Copyright Fee: GBP5.00$c0$e01-oct-2004$fGBP5.00$g0$hC$5Uk
=ACF  \\$aPrevious copyright fee: GBP5.00$c0$e01-jul-2002$fGBP5.00$g0$hC$5Uk
=ACF  \\$aCurrent copyright fee: GBP2.50$c0$e01-apr-1997$fGBP2.50$g0$hC$5Uk
=ACF  \\$aPrevious Copyright Fee: GBP12.00$c0$e01-jul-2012$fGBP12.00$g0$hC$5Uk
=ACF  \\$aPrevious Copyright Fee: GBP12.30$c0$e01-jan-2014$fGBP12.30$g0$hC$5Uk
=ACF  \\$aPrevious Copyright Fee: GBP12.00$c0$e01-oct-2012$fGBP12.00$g0$hC$5Uk
=ACF  \\$aPrevious Copyright Fee: GBP22.00$c10\0$e04-aug-2014$fGBP22.00$g0$hP$5Uk
=ACF  \\$aPrevious copyright fee: GBP24.00$c10\0$e01-mar-2015$fGBP24.00$g0$hP$5Uk
=ACF  \\$aPrevious copyright fee: GBP24.00$c35\0$e07-mar-2017$fGBP24.00$g0$hP$5Uk
=CAT  \\$aCONV$b00$c20040425$lBLL90$h0712
=CAT  \\$aIPL-CLA$c20120330$lBLL01$h1426
=CAT  \\$aBATCH-CLA$b00$c20120531$lBLL01$h1722
=CAT  \\$aBATCH-UPD$b00$c20120614$lBLL01$h2124
=CAT  \\$aIPL-CLA$c20120629$lBLL01$h1025
=CAT  \\$aBATCH-CLA$b00$c20120831$lBLL01$h1549
=CAT  \\$aIPL-CLA$c20120930$lBLL01$h2106
=CAT  \\$aBATCH-CLA$b00$c20121109$lBLL01$h1745
=CAT  \\$aWR13.005$c20130323$lBLL01$h1222
=CAT  \\$aBATCH-CLA$b00$c20131129$lBLL01$h1700
=CAT  \\$aIPL-CLA$c20131231$lBLL01$h2247
=CAT  \\$a12654$b40$c20140804$lBLL01$h1329
=CAT  \\$a12654$b40$c20140804$lBLL01$h1330
=CAT  \\$aWR14_140$c20140905$lBLL01$h1753
=CAT  \\$aBLDSS-3PM$b00$c20141214$lBLL01$h1520
=CAT  \\$aBATCH-UPD$b00$c20150215$lBLL01$h1622
=CAT  \\$aIPL-CLA$c20150228$lBLL01$h2045
=CAT  \\$aBATCH-UPD$b00$c20160604$lBLL01$h2249
=CAT  \\$aW1703-0316$c20170306$lBLL01$h1823
=CAT  \\$aW1703-0316$c20170307$lBLL01$h1646
=CAT  \\$aIPL-CLA$c20170307$lBLL01$h1823
=CAT  \\$aBATCH-UPD$b00$c20180219$lBLL01$h1744
=CAT  \\$aBATCH-UPD$b00$c20181121$lBLL01$h1620
=CAT  \\$aIPL-CLA$c20181231$lBLL01$h1538
=CAT  \\$aBATCH-UPD$b00$c20200219$lBLL01$h1540
=CAT  \\$aIPL-CLA$c20200331$lBLL01$h1610
=CFI  0\$aCurrent copyright fee: GBP32.00$c35\0$e01-apr-2020$fGBP32.00$g0$hP$5Uk
=CFI  2\$aPrevious copyright fee: GBP28.00$c35\0$e01-jan-2019$fGBP28.00$g0$hP$5Uk
=FFP  \\$aY$bBLDSS-3PM
=FIN  \\$aY
=FMT  \\$a  SE
=LAS  \\$aIPL-CLA$b00$c20200331$lBLL01$h1610
=LEO  \\$aMP10.0000606314
=LEO  \\$aMP5.0000769652
=LEO  \\$aMP25.0000241813
=LKR  \\$aPAR$b010485693$lBLL01$r78001$mWater and environmental management : journal of the Institution of Water and Environmental Management.$nJournal of the Institution of Water Engineers and Scientists
=SID  \\$aZ39$bLOC
=SRC  \\$aBNB03$bbibmp5.200404.2.ab
=SRC  \\$aSRI01$bbibmp25.200404.2.aa
=SRC  \\$aDSS01$bbibmp10.200404.2.aa
=SRC  \\$aDSS03$bbibsr.200404.2.aa
=TCO  \\$aCLA$bCLA$c008
=TOC  \\$aETOC
=UNO  \\$aY

