=LDR  06442cas a2201309 a 4500
=001  011776515
=003  Uk
=005  20221231144301.0
=007  ta
=008  040410c19139999gw\qr\p\\\\\\\0\\\b0ger\\
=019  c\$a2176936
=019  x\$a3480770223
=022  0\$a0043-2636$y1610-2878
=040  \\$aUk$cUk$dUk
=041  0\$ager$aeng
=042  \\$aukblsr
=082  04$a337$223
=210  0\$aWeltwirtsch. Arch.
=222  \0$aWeltwirtschaftliches Archiv
=245  00$aWeltwirtschaftliches Archiv.
=246  31$iIssues for 1972- also have English title:$aReview of world economics
=260  \\$aHamburg :$bHoffman und Campe
=260  2\$aTübingen :$bJ.C.B. Mohr
=260  3\$aHeidelberg :$bSpringer
=300  \\$av. ;$c23 cm.
=310  \\$aQuarterly,$b<1972>-
=321  \\$aFrequency varies,$b1913-<1944>
=336  \\$atext$2rdacontent
=337  \\$aunmediated$2rdamedia
=338  \\$avolume$2rdacarrier
=362  1\$aBegan with 1. Bd. (Jan. 1913).
=500  \\$aOrder of title varies. From vol. 139, no. 1 (2003) English title comes first.
=500  \\$aFrom Bd. 17. Hft. 1, 1. Juli 1921, onwards described as "Zeitschrift des Instituts für Weltwirtschaft und Seeverkehr an der Universität Kiel". From Bd. 62, 1949, onwards published in Hamburg.
=540  \\$aCurrent copyright fee: GBP29.95$c22\1$5Uk
=546  \\$aIn English and German.
=588  \\$aLatest issue consulted: vol. 146, no. 4 (2010).
=595  \\$aSee also card index.
=650  \0$aEconomics$vPeriodicals.
=650  \0$aCommerce$vPeriodicals.
=650  \0$aSocial sciences$vPeriodicals.
=690  7\$aManagement and Business Studies$2blcoll
=710  2\$aUniversität Kiel.$bInstitut für Weltwirtschaft.
=776  08$iOnline version:$tReview of world economics$c(Online)$x1610-2886
=852  41$aBritish Library$bDSC$j9295.050000$3Vol. 16, no. 3 (1921)-v. 146, no. 4 (2010)***UKRR Retained Title***Stock Incomplete
=852  41$aBritish Library$bHMNTS$jP.P.1423.gzi.$3Bd.1 (1913)-vol. 132, no.4 (1996)***UKRR Retained Title
=856  \\$31850-9999$uhttp://www.springer.com/gb/$xBLDSS
=945  \\$aWeltwirtschaftliches archiv
=959  \\$fHeld but not currently received
=963  \\$aVol. 1, 1913-Vol. 3, [19?],Vol. 9, [19?]-Vol. 15, [19?], vol. 25(1), 1927, Vol. 38(2), 1932-Vol. 50(1), 1939$bY$cRCS.PER.2613
=985  \\$aRecord merged by SUNCAT team. Print and online records do not agree with ISSN Portal or OCLC records. They put a spurious title change at 2003 when the order of parallel titles was reversed (not indicated by AACR2). Decision taken to keep our print and online records in step and in keeping with AACR and CONSER rather than with ISSN Online, CS 18/4/12
=ACF  \\$aPrevious copyright fee: GBP16.67$c22\3$e01-jan-2006$fGBP16.67$g0$hP$5Uk
=ACF  \\$aPrevious copyright fee: GBP16.22$c22\3$e01-apr-2005$fGBP16.22$g0$hP$5Uk
=ACF  \\$aPrevious copyright fee: GBP16.67$c22\3$e15-feb-2005$fGBP16.67$g0$hP$5Uk
=ACF  \\$aCurrent Copyright Fee: GBP4.44$c0$e01-jan-2005$fGBP4.44$g0$hC$5Uk
=ACF  \\$aPrevious Copyright Fee: GBP4.32$c0$e01-oct-2004$fGBP4.32$g0$hC$5Uk
=ACF  \\$aPrevious copyright fee: GBP4.32$c0$e01-apr-2004$fGBP4.32$g0$hC$5Uk
=ACF  \\$aCurrent copyright fee: GBP4.71$c0$e01-jan-2004$fGBP4.71$g0$hC$5Uk
=ACF  \\$aCurrent copyright fee: GBP5.00$c0$e01-jan-2003$fGBP5.00$g0$hC$5Uk
=ACF  \\$aPrevious copyright fee: GBP17.14$c22\3$e01-apr-2006$fGBP17.14$g0$hP$5Uk
=ACF  \\$aPrevious copyright fee: GBP22.00$c22\3$e12-aug-2012$fGBP22.00$g0$hP$5Uk
=ACF  \\$aPrevious copyright fee: GBP25.00$c22\3$e01-jan-2013$fGBP25.00$g0$hP$5Uk
=ACF  \\$aPrevious copyright fee: GBP25.77$c22\3$e01-jul-2013$fGBP25.77$g0$hP$5Uk
=ACF  \\$aPrevious copyright fee: GBP24.97$c22\3$e01-jan-2014$fGBP24.97$g0$hP$5Uk
=ACF  \\$aPrevious copyright fee: GBP24.21$c22\3$e01-jul-2014$fGBP24.21$g0$hP$5Uk
=ACF  \\$aPrevious copyright fee: GBP25.77$c22\3$e01-apr-2015$fGBP25.77$g0$hP$5Uk
=ACF  \\$aPrevious copyright fee: GBP26.63$c22\3$e01-jul-2015$fGBP26.63$g0$hP$5Uk
=ACF  \\$aPrevious copyright fee: GBP25.77$c22\3$e01-oct-2015$fGBP25.77$g0$hP$5Uk
=ACF  \\$aPrevious copyright fee: GBP27.55$c22\3$e01-apr-2016$fGBP27.55$g0$hP$5Uk
=ACF  \\$aPrevious copyright fee: GBP29.59$c22\3$e01-oct-2016$fGBP29.59$g0$hP$5Uk
=ACF  \\$aPrevious copyright fee: GBP31.96$c22\3$e01-apr-2017$fGBP31.96$g0$hP$5Uk
=ACF  \\$aPrevious copyright fee: GBP30.73$c22\3$e01-oct-2017$fGBP30.73$g0$hP$5Uk
=ACF  \\$aPrevious copyright fee: GBP28.54$c22\3$e01-apr-2018$fGBP28.54$g0$hP$5Uk
=CAT  \\$aCONV$b00$c20040425$lBLL90$h0712
=CAT  \\$aIPL-CLA$c20140630$lBLL01$h1714
=CAT  \\$aBLDSS-3PM$b00$c20150103$lBLL01$h1042
=CAT  \\$aBATCH-UPD$b00$c20150219$lBLL01$h1742
=CAT  \\$aIPL-CLA$c20150331$lBLL01$h1630
=CAT  \\$aBATCH-UPD$b00$c20150520$lBLL01$h1749
=CAT  \\$aIPL-CLA$c20150630$lBLL01$h1641
=CAT  \\$aBATCH-UPD$b00$c20150820$lBLL01$h1836
=CAT  \\$aIPL-CLA$c20150930$lBLL01$h1757
=CAT  \\$aBATCH-UPD$b00$c20160217$lBLL01$h1726
=CAT  \\$aIPL-CLA$c20160331$lBLL01$h1717
=CAT  \\$aBATCH-UPD$b00$c20160413$lBLL01$h1814
=CAT  \\$aBATCH-UPD$b00$c20160524$lBLL01$h2208
=CAT  \\$aBATCH-UPD$b00$c20160525$lBLL01$h0008
=CAT  \\$aBATCH-UPD$b00$c20160824$lBLL01$h1754
=CAT  \\$aIPL-CLA$c20160930$lBLL01$h1556
=CAT  \\$aBATCH-UPD$b00$c20170216$lBLL01$h1842
=CAT  \\$aIPL-CLA$c20170331$lBLL01$h1838
=CAT  \\$aBATCH-UPD$b00$c20170904$lBLL01$h1851
=CAT  \\$aIPL-CLA$c20170929$lBLL01$h1722
=CAT  \\$aBATCH-UPD$b00$c20180223$lBLL01$h1719
=CAT  \\$aIPL-CLA$c20180331$lBLL01$h1612
=CAT  \\$aBATCH-UPD$b00$c20180524$lBLL01$h1713
=CAT  \\$aIPL-CLA$c20180630$lBLL01$h1913
=CAT  \\$aBATCH-UPD$b00$c20221121$lBLL01$h1358
=CAT  \\$aIPL-CLA$c20221231$lBLL01$h1443
=CFI  0\$aCurrent copyright fee: GBP29.95$c22\1$e01-jan-2023$fGBP29.95$g0$hP$5Uk
=CFI  2\$aPrevious copyright fee: GBP34.00$c22\1$e01-jul-2018$fGBP34.00$g0$hP$5Uk
=EST  \\$a2
=FFP  \\$aY$bBLDSS-3PM
=FIN  \\$aY
=FMT  \\$a  SE
=LAS  \\$aIPL-CLA$b00$c20221231$lBLL01$h1443
=LEO  \\$aMP1.0004161276
=LEO  \\$aMP10.0000608522
=SRC  \\$aBLS01$bbibmp1.200404.2.ae
=SRC  \\$aDSS01$bbibmp10.200404.2.aa
=TCO  \\$aDEU$bVG WORT$c008
=TOC  \\$aETOC
=UNO  \\$aY

