=LDR  05845cas a2201237 a 4500
=001  011784568
=003  Uk
=005  20221231144307.0
=007  ta
=008  771001c19459999enkqr\p\\\\\\\0\\\a0eng\\
=019  0\$as22073500x
=019  c\$a2179181
=019  x\$a3560160251
=022  0\$a0043-9339
=030  \\$aWPSJAO
=040  \\$aUk$cUk$dUk
=082  04$a636.505$222
=084  \\$aED 90$2blsrissc
=210  0\$aWorld's poult. sci. j.
=222  \0$aWorld's poultry science journal
=245  00$aWorld's poultry science journal.
=260  \\$aIthaca, N.Y. :$bWorld's Poultry Science Association,$c1945-
=260  3\$aCambridge :$bCambridge University Press
=300  \\$av. :$bill. ;$c25 cm.
=310  \\$aQuarterly
=336  \\$atext$2rdacontent
=337  \\$aunmediated$2rdamedia
=338  \\$avolume$2rdacarrier
=362  1\$aBegan in 1945.
=500  \\$aOfficial organ of the World's Poultry Science Association.
=500  \\$aPlace of publication varies. From vol. 29. no. 4 onwards published at Stoke Mandeville.
=500  \\$aLatest issue consulted: Vol. 66, no. 3 (Sept. 2010).
=540  \\$aCurrent copyright fee: GBP43.00$c2\0$5Uk
=595  \\$aFORMERLY 4547.5 CHANGE BETWEEN VOL. 13, 1940 AND 1, 1945.
=650  \0$aPoultry$vPeriodicals.
=650  \0$aPoultry$xDiseases$vPeriodicals.
=650  \0$aPoultry$xBreeding$vPeriodicals.
=710  2\$aWorld's Poultry Science Association.
=776  08$iOnline version:$tWorld's poultry science journal (Online)$x1743-4777
=780  00$tInternational Review of Poultry Science
=852  71$aBritish Library$bSTI$k(P)$hED 90$m-E(11)$2blsrissc$3Vol. 1 (1945)-v. 69, no. 4 (Dec. 2013)***Items prior to 2008 available for remote supply. Items 2008 onwards available for reading room only***Holdings unclear, some deficiences, check shelf for exact items held***title now taken as electronic copy only
=852  41$aBritish Library$bHMNTS$jP.311/497.$3Vol. 21, no. 3, (July/Sept. 1965)-1990 ; Wanting: vol. 21. no. 4; vol. 22. no. 3; vol. 23. no. 1, 3, 4; vol. 24. no. 1, 2; vol. 26; vol. 27. no. 1, 3; vol. 28. no. 2; vol. 29. no. 1, 3; vol. 30. no. 1-3
=852  41$aBritish Library$bDSC$j9364.000000$3Vol. 1 (1945)-v. 67, no. 4 (2011) ; v. 70, no. 1 (2014)-v. 71, no. 4 (2015)***UKRR Retained Title
=856  \\$31850-9999$uhttp://www.tandfonline.com/$xBLDSS
=945  \\$aWorlds Poultry Science Journal -Wyton-.
=959  \\$fHeld but not currently received
=963  \\$aVOL. 34(4), 1978- 49(3), 1993 *A=1$bY$cP441.C.31
=985  \\$aRecord merged by DQ team
=985  \\$aISSN UK Centre: ISSN transferred to US Center, from 2020 published by Taylor & Francis. Publishing information not updated as no physical print copy or scan viewed.
=A02  \\$a2179181
=ACF  \\$aPrevious Copyright Fee: GBP14.00$c0$e01-apr-2007$fGBP14.00$g0$hC$5Uk
=ACF  \\$aBritish Library not licensed to copy$c0$e01-oct-2006$hC$iCLA Excluded$5Uk
=ACF  \\$aPrevious Copyright Fee: GBP13.00$c0$e01-oct-2004$fGBP13.00$g0$hC$5Uk
=ACF  \\$aPrevious copyright fee: GBP16.22$c0$e01-apr-2004$fGBP16.22$g0$hC$5Uk
=ACF  \\$aCurrent copyright fee: GBP17.65$c0$e01-jan-2004$fGBP17.65$g0$hC$5Uk
=ACF  \\$aCurrent copyright fee: GBP18.75$c0$e01-apr-2003$fGBP18.75$g0$hC$5Uk
=ACF  \\$aPrevious Copyright Fee: GBP14.00$c0$e01-jul-2010$fGBP14.00$g0$hC$5Uk
=ACF  \\$aPrevious copyright fee: GBP20.00$c43\0$e05-nov-2010$fGBP20.00$g0$hP$5Uk
=ACF  \\$aPrevious Copyright Fee: GBP30.00$c43\0$e01-jul-2016$fGBP30.00$g0$hP$5Uk
=ACF  \\$aPrevious Copyright Fee: GBP17.50$c0$e01-apr-2019$fGBP17.50$g0$hA$5Uk
=ACF  \\$aPrevious Copyright Fee: GBP15.00$c0$e01-jul-2019$fGBP15.00$g0$hC$5Uk
=ACF  \\$aPrevious Copyright Fee: GBP44.85$c0$e01-apr-2021$fGBP47.15$g0$hC$5Uk
=ACF  \\$aPrevious Copyright Fee: GBP44.85$c0$e01-apr-2020$fGBP44.85$g0$hC$5Uk
=CAT  \\$aCONV$b00$c20040425$lBLL90$h0712
=CAT  \\$aBATCH-UPD$b40$c20120614$lBLL01$h2125
=CAT  \\$aBATCH-UPD$b40$c20121105$lBLL01$h1136
=CAT  \\$aBATCH-CLA$b00$c20121109$lBLL01$h1743
=CAT  \\$a5997$b40$c20121116$lBLL01$h1100
=CAT  \\$a5997$b40$c20121116$lBLL01$h1101
=CAT  \\$aWR13.005$c20130323$lBLL01$h1226
=CAT  \\$aBLDSS-3PM$b00$c20141208$lBLL01$h1624
=CAT  \\$a5552$b40$c20160602$lBLL01$h1120
=CAT  \\$aIPL-CLA$c20160630$lBLL01$h1604
=CAT  \\$aW1902-1304$c20190314$lBLL01$h1239
=CAT  \\$aBATCH-UPD$b00$c20190314$lBLL01$h1617
=CAT  \\$aIPL-CLA$c20190331$lBLL01$h1724
=CAT  \\$aDEL-3PM$c20190409$lBLL01$h0904
=CAT  \\$aBATCH-CLA$b00$c20190531$lBLL01$h1623
=CAT  \\$aIPL-CLA$c20190630$lBLL01$h1530
=CAT  \\$aBATCH-CLA$b00$c20200228$lBLL01$h1637
=CAT  \\$aIPL-CLA$c20200331$lBLL01$h1610
=CAT  \\$aBATCH-CLA$b00$c20210227$lBLL01$h1009
=CAT  \\$aIPL-CLA$c20210331$lBLL01$h1659
=CAT  \\$a10973$b40$c20210924$lBLL01$h1315
=CAT  \\$a5552$b40$c20210929$lBLL01$h0944
=CAT  \\$aBLDSS-3PM$b00$c20211006$lBLL01$h0845
=CAT  \\$aBATCH-UPD$b00$c20211006$lBLL01$h0845
=CAT  \\$aBATCH-UPD$b00$c20221121$lBLL01$h1339
=CAT  \\$aIPL-CLA$c20221231$lBLL01$h1443
=CFI  0\$aCurrent copyright fee: GBP43.00$c2\0$e01-jan-2023$fGBP43.00$g0$hP$5Uk
=CFI  2\$aPrevious copyright fee: GBP41.00$c2\0$e29-sep-2021$fGBP41.00$g0$hP$5Uk
=FFP  \\$aY$bBLDSS-3PM
=FIN  \\$aY
=FMT  \\$a  SE
=LAS  \\$aIPL-CLA$b00$c20221231$lBLL01$h1443
=LEO  \\$aMP25.0000083984
=LEO  \\$aMP1.0004257963
=LEO  \\$aMP22.0000002266
=LEO  \\$aMP10.0000619700
=SRC  \\$aSRI01$bbibmp25.200404.2.aa
=SRC  \\$aDSS02$bbibh.200404.2.aa
=SRC  \\$aBLS01$bbibmp1.200404.2.ae
=SRC  \\$aISN01$bbibmp22.200404.2.aa
=SRC  \\$aDSS01$bbibmp10.200404.2.aa
=TCO  \\$aCLA$bCLA$c008
=TOC  \\$aETOC

