=LDR  03459cai a2200841 i 4500
=001  011819484
=003  Uk
=005  20150910074853.0
=006  a|||||||||||||||0|
=007  td
=008  800402c19799999enkqr\l\\f\\\\0\\\a2eng\\
=015  \\$aGB8854142$2bnb
=016  \\$a011819484
=019  y\$ab8854142
=019  9\$ab8854142
=019  1\$ab8854142
=022  0\$a0144-2546
=039  0\$a2004
=040  \\$aUk$beng$cUk$dUk
=041  1\$aeng$hara
=042  \\$aukblsr
=043  \\$aa-ku---
=082  04$a345.36706702633$219
=210  0\$aBus. laws Kuwait
=222  \0$aBusiness laws of Kuwait
=245  00$aBusiness laws of Kuwait /$ctranslated from Arabic into English by Nocola H. Karam.
=260  \\$aLondon :$bGraham & Trotman,$c1979-
=264  31$a[London] :$bLexgulf Publishers Ltd, Thomson Reuters
=300  \\$av. (loose-leaf) ;$c25 cm.
=310  \\$aUpdated quarterly
=336  \\$atext$2rdacontent
=337  \\$aunmediated$2rdamedia
=338  \\$avolume$2rdacarrier
=490  0\$aMiddle East business law series
=500  \\$aIncludes index.
=500  \\$aEach year a replacement title page carrying a new edition statement and ISBN is issued, e.g. 1984 replacement has statement "1984 edition."
=546  \\$aTranslated from the Arabic.
=588  \\$aDescription based on: Vol. 1 of work updated to 2012.
=650  \0$aCommercial law$zKuwait$vHandbooks, manuals, etc.
=650  \0$aTaxation$xLaw and legislation$zKuwait$vHandbooks, manuals, etc.
=650  \0$aIndustrial laws and legislation$zKuwait$vHandbooks, manuals, etc.
=653  \\$aKuwait$aCommerical law$aSerials
=700  1\$aKaram, Nicola H.
=772  0\$tMiddle East business law series$x0141-6650
=852  41$aBritish Library$bHMNTS$jZK.9.a.824
=985  \\$aCorrected by BSS-generated file.
=985  \\$aRecord merged & converted to integrating resource record 7/7/11, CS. All editions kept on same record. It appears a new t.p. with new ISBN and edition number is/was issued each year. However this is unlikely to constitute a new edition requiring a new record under integrating resource cataloguing rules as original pages from previous editions are [probably] retained rather than a wholesale annual reissue taking place. DO NOT MERGE WITH ISSN RECORD AT #015843480
=CAT  \\$aCONV$b00$c20040425$lBLL90$h0725
=CAT  \\$aCONV$b00$c20040502$lBLL01$h1447
=CAT  \\$aglobal_upd$b40$c20060417$lBLL01$h1823
=CAT  \\$aB-BSS-DEL$b00$c20080507$lBLL01$h1608
=CAT  \\$aB-BSS-ADD$b00$c20080507$lBLL01$h1609
=CAT  \\$aISSN$b40$c20080718$lBLL01$h0842
=CAT  \\$aBATCH$b00$c20091210$lBLL01$h0625
=CAT  \\$aBATCH$b00$c20091225$lBLL01$h0134
=CAT  \\$a8124$b40$c20110707$lBLL01$h1402
=CAT  \\$a8124$b40$c20110707$lBLL01$h1409
=CAT  \\$aWR14_140$c20140905$lBLL01$h1755
=CAT  \\$a8124$b40$c20150910$lBLL01$h0748
=CAT  \\$aWR16_021$c20160610$lBLL01$h1936
=CAT  \\$aBATCH-016$c20160905$lBLL01$h1706
=FIN  \\$aY
=FMT  \\$a  SE
=LAS  \\$aBATCH-016$b00$c20160905$lBLL01$h1706
=LEO  \\$aMP5.0000773223
=LEO  \\$aMP13.0000295238
=LEO  \\$aMP22.0000007282
=LKR  \\$aPAR$b009545649$lBLL01$nMiddle East business law serie$mBusiness laws of Kuwait.$r772
=SRC  \\$aDSS04$bbibld.200404.2.aa
=SRC  \\$aBNB03$bbibmp5.200404.2.ab
=SRC  \\$aHSS01$bbibmp13.200404.2.aa
=SRC  \\$aISN01$bbibmp22.200404.2.aa
=TCO  \\$aCLA$bCLA$c008

