=LDR  01911cam a2200445ua 4500
=001  011919837
=003  Uk
=005  20220212203439.0
=008  980513s1912\\\\ru\aco\||\\\\\000\||rus\\
=019  1\$ar7407557
=040  \\$aUk$beng$cUk$dUk
=245  00$aSelo Vinogradovo.
=264  \1$aMoskva :$bTipografīi︠a︡ Torg. Doma G. Lissnerʹ i D. Sobko,$c1912.
=300  \\$a103 pages :$billustrations, photographs, portrait
=336  \\$atext$2rdacontent
=337  \\$aunmediated$2rdamedia
=338  \\$avolume$2rdacarrier
=500  \\$aAnonymous; by A. M. Shteker.
=500  \\$aWith ten mounted photographs.
=504  \\$aIncludes bibliographical references.
=520  \\$aOn village life in Dolgoprudnyi (Moscow oblast, Russia) from the 17th to the 19th century.
=650  \0$aVillage communities$zRussia$xHistory.
=651  \0$aDolgoprudnyĭ (Russia)$xHistory.
=651  \7$aRussia (Federation)$zVologodskai︠a︡ oblastʹ.$2fast$0(OCoLC)fst01217507
=690  7\$aPhotographically Illustrated Books collection$2blcoll
=852  41$aBritish Library$bHMNTS$jLB.37.c.225
=883  1\$aUpgraded from Photographically Illustrated Books catalogue record 3597$d20210808
=957  \\$a750331d
=985  \\$aAmended for Work Request 20211368 2022-02
=985  \\$aNotes from photographically illustrated books catalogue, relating to copy at LB.37.c.225:[Moskva: Tipografiia torg. doma G. Lissner i D. Sobko, 1912.] 103 pages, 1 unnumbered pages, 10] leaves of plates; port. 4º (30 cm). ; D 31 Mar 1975 ;
=CAT  \\$aCONV$b00$c20040425$lBLL90$h0754
=CAT  \\$aCONV$b00$c20040502$lBLL01$h1450
=CAT  \\$aBATCH-UPD$b00$c20090604$lBLL01$h0350
=CAT  \\$aBATCH$b00$c20091122$lBLL01$h2324
=CAT  \\$a14185$b40$c20220212$lBLL01$h2034
=FIN  \\$aY
=FMT  \\$a  BK
=LAS  \\$a14185$b40$c20220212$lBLL01$h2034
=LEO  \\$aMP13.0001232141
=SRC  \\$aHSS01$bbibmp13.200404.2.ac

