=LDR  04067cas a2200961 i 4500
=001  012087872
=003  Uk
=005  20221231144321.0
=006  m\\\\\|\\d\|\\\\\\
=007  cr\|||||||||||
=008  021125c20019999enktr\p\s\\\\\0\\\a0eng\\
=015  \\$aGBB7A3682$2bnb
=022  0\$a1474-8185
=037  \\$aISSN_24748668$bPortico$nTaylor & Francis
=040  \\$aUk$beng$cUk$erda
=042  \\$aukblsr
=082  04$a796.015$223
=222  \0$aInternational journal of performance analysis in sport$b(Online)
=245  00$aInternational journal of performance analysis in sport.
=260  \\$aCardiff :$bUniversity of Wales Institute, Cardiff,$c2001-
=264  31$32017-$a[Oxford?] :$bRoutledge, Taylor & Francis Group
=310  \\$aThree times a year
=336  \\$atext$2rdacontent
=337  \\$acomputer$2rdamedia
=338  \\$aonline resource$2rdacarrier
=362  0\$aVolume 1, issue 1 (2001)-
=500  \\$aTitle from journal homepage (Taylor & Francis Online, viewed June 22, 2017).
=516  \\$aPDF format.
=538  \\$aMode of access: Internet.
=540  \\$aCurrent copyright fee: GBP43.00$c2\0$5Uk
=588  \\$aLatest issue consulted: volume 17, issue 1/2 (2017) (Taylor & Francis Online, viewed June 22, 2017).
=650  \0$aSports sciences$vPeriodicals.
=650  \0$aSports$xPhysiological aspects$vPeriodicals.
=710  2\$aUniversity of Wales Institute, Cardiff.$bCentre for Performance Analysis,$eissuing body.
=710  2\$aCardiff Metropolitan University.$bCentre for Performance Analysis,$eissuing body.
=852  41$aBritish Library$bHMNTS$jELD Digital store$3Volume 16:Number 1(2016)-
=856  40$31850-9999$uhttp://www.tandfonline.com/$xBLDSS
=856  40$uhttp://www.tandfonline.com/toc/rpan20/current
=859  \\$aELD$bejournal
=945  \\$aInternational journal of performance analysis in sport.
=979  \\$aBritish Library$bDSC$j4542.452140N
=985  \\$aISSN transferred to U.S. Center 29.6.17 (multinational publisher agreement).
=ACF  \\$aPrevious Copyright Fee: GBP33.00$c2\0$e31-may-2017$fGBP33.00$g0$hP$5Uk
=ACF  \\$aPrevious copyright fee: GBP35.00$c2\0$e01-jan-2018$fGBP35.00$g0$hP$5Uk
=ACF  \\$aPrevious copyright fee: GBP37.00$c2\0$e01-jan-2019$fGBP37.00$g0$hP$5Uk
=ACF  \\$aPrevious copyright fee: GBP39.00$c2\0$e01-jan-2020$fGBP39.00$g0$hP$5Uk
=CAT  \\$aCONV$b00$c20040425$lBLL90$h0850
=CAT  \\$a10983$b40$c20170307$lBLL01$h1456
=CAT  \\$a5552$b40$c20170531$lBLL01$h0835
=CAT  \\$aBLDSS-3PM$b00$c20170606$lBLL01$h1445
=CAT  \\$aBATCH-UPD$b00$c20170606$lBLL01$h1446
=CAT  \\$a5410$b40$c20170616$lBLL01$h1057
=CAT  \\$a5410$b40$c20170616$lBLL01$h1107
=CAT  \\$a5552$b40$c20170619$lBLL01$h1552
=CAT  \\$a10806$b40$c20170622$lBLL01$h1000
=CAT  \\$a10806$b40$c20170622$lBLL01$h1044
=CAT  \\$a10806$b40$c20170622$lBLL01$h1045
=CAT  \\$a10806$b40$c20170622$lBLL01$h1053
=CAT  \\$a10973$b40$c20170629$lBLL01$h1110
=CAT  \\$a8871$b40$c20170705$lBLL01$h0803
=CAT  \\$aBATCH-UPD$b40$c20171121$lBLL01$h1654
=CAT  \\$aW1711-1005$c20171206$lBLL01$h1814
=CAT  \\$aIPL-CLA$c20171231$lBLL01$h1607
=CAT  \\$a10983$b40$c20180604$lBLL01$h0939
=CAT  \\$aBATCH-UPD$b40$c20181217$lBLL01$h1644
=CAT  \\$aIPL-CLA$c20181231$lBLL01$h1539
=CAT  \\$aBATCH-UPD$b00$c20191122$lBLL01$h1906
=CAT  \\$aIPL-CLA$c20191231$lBLL01$h1910
=CAT  \\$aBATCH-UPD$b00$c20201118$lBLL01$h1340
=CAT  \\$aIPL-CLA$c20201231$lBLL01$h1527
=CAT  \\$aBATCH-UPD$b00$c20221121$lBLL01$h1339
=CAT  \\$aIPL-CLA$c20221231$lBLL01$h1443
=CFI  0\$aCurrent copyright fee: GBP43.00$c2\0$e01-jan-2023$fGBP43.00$g0$hP$5Uk
=CFI  2\$aPrevious copyright fee: GBP41.00$c2\0$e01-jan-2021$fGBP41.00$g0$hP$5Uk
=FFP  \\$aY$bBLDSS-3PM
=FIN  \\$aY
=FMT  \\$a  SE
=LAS  \\$aIPL-CLA$b00$c20221231$lBLL01$h1443
=LEO  \\$aMP22.0000067379
=MNI  \\$a2474-8668
=SRC  \\$aISN01$bbibmp22.200404.2.aa
=TCO  \\$aCLA$bCLA$c008
=TOC  \\$aETOC

