=LDR  02132aas a22005417a 4500
=001  012107275
=003  Uk
=005  20210317151455.0
=007  ta
=008  820216d19811991ur\uu\p\\\b\\\0\\\c0rus\\
=019  0\$as407136002
=019  c\$a2212776
=022  0\$a0207-141X
=040  \\$aUk$cUk$dUk
=041  0\$arus$beng
=084  \\$aER 05$2blsrissc
=245  00$aReferativnyĭ zhurnal. Fiziologiíà i morfologiíà cheloveka i zhivotnykh.
=260  \\$aMoskva :$bVINITI,$c1982-91.
=300  \\$c26-29cm.
=336  \\$atext$2rdacontent
=337  \\$aunmediated$2rdamedia
=338  \\$avolume$2rdacarrier
=540  \\$aBritish Library not licensed to copy$c0$5Uk
=546  \\$aContents lists in English.
=710  2\$aVsesoi︠u︡znyĭ institut nauchno-tekhnicheskoĭ informat︠s︡ii po selʹskomu khozi︠a︡ĭstvu (Soviet Union)
=852  71$aBritish Library$bSTI$k(A)$hER 05$m-R(1)$2blsrissc$31982-1991.
=886  2\$2blmarc$a092$b00$a0150.200000n
=945  \\$aREFERATIVNYI ZHURNAL FIZIOLOGIIA I MORFOLOGIIA CHELOVEKA I ZHIVOTNYKH.
=979  \\$aBritish Library$bDSC$j0150.200000N
=985  \\$aCorrected by BSS-generated file for WR# 10/166
=985  \\$aNot same as 01210833? (omits "Biologiia & links to different ISSN) x-ref from DSC but no DSC hols attached, nor on record merged to form this
=AQN  \\$aX-REFS FROM REFERATIVNYI 0148.032 0150.23 0150.232 0150.233 0150.235 AND 0150.2325
=CAT  \\$aCONV$b00$c20040425$lBLL90$h0855
=CAT  \\$aCONV$b00$c20040502$lBLL01$h1456
=CAT  \\$aBATCH$b00$c20091123$lBLL01$h0104
=CAT  \\$a8124$b40$c20210317$lBLL01$h0946
=CAT  \\$a8124$b40$c20210317$lBLL01$h0949
=CAT  \\$a11315$b40$c20210317$lBLL01$h1514
=CFI  0\$aBritish Library not licensed to copy$c0$e07-sep-2011$hC$iTX$5Uk
=CFI  2\$aPrevious copyright fee: GBP10.50$c0$e01-jan-2011$fGBP10.50$g0$hA$5Uk
=FIN  \\$aY
=FMT  \\$a  SE
=LAS  \\$a11315$b40$c20210317$lBLL01$h1514
=LEO  \\$aMP25.0000189075
=LEO  \\$aMP10.0000015501
=SRC  \\$aSRI01$bbibmp25.200404.2.aa
=SRC  \\$aDSS01$bbibmp10.200404.2.aa
=TCO  \\$aXXX$c008

