=LDR  01955 as a2200517ua 4500
=001  012108233
=003  Uk
=005  20210317105547.0
=007  ta
=008  900605c19909999ru\mr\p\\\a\\\0\\\c0rus\\
=019  0\$as408455004
=019  c\$a2425472
=022  0\$a0235-6783
=040  \\$aUk$cUk$dUk
=084  \\$aFG 05$2blsrissc
=222  \0$aReferativnyj žurnal - Vsesoûznyj institut naučnoj i tehničeskoj informacii. 95. Psihologiâ
=245  00$aReferativnyĭ zhurnal. Psikhologii︠a︡.
=260  \\$aMoskva :$bVINITI,$c1990-
=300  \\$c29cm.
=336  \\$atext$2rdacontent
=337  \\$aunmediated$2rdamedia
=338  \\$avolume$2rdacarrier
=540  \\$aBritish Library not licensed to copy$c0$5Uk
=546  \\$aContents list in English.
=710  2\$aVsesoi︠u︡znyĭ institut nauchnoĭ i tekhnicheskoĭ informat︠s︡ii.
=852  71$aBritish Library$bSTI$k(A)$hFG 05$m-R(1)$2blsrissc$31990
=886  2\$2blmarc$a092$b00$a0148.404000n
=945  \\$aREFERATIVNYI ZHURNAL PSIKHOLOGIIA.
=979  \\$aBritish Library$bDSC$j0148.404000N
=985  \\$aCorrected by BSS-generated file for WR# 10/166
=985  \\$aProbably not same as/ May be continued by 009173974 (which inc. Biologiia & diff ISSN, although ISSN history often diverges from BL with this material)
=CAT  \\$aCONV$b00$c20040425$lBLL90$h0855
=CAT  \\$aCONV$b00$c20040502$lBLL01$h1456
=CAT  \\$aBATCH$b00$c20091123$lBLL01$h0105
=CAT  \\$a8124$b40$c20210317$lBLL01$h1051
=CAT  \\$a8124$b40$c20210317$lBLL01$h1055
=CFI  0\$aBritish Library not licensed to copy$c0$e07-sep-2011$hC$iTX$5Uk
=CFI  2\$aPrevious copyright fee: GBP10.50$c0$e01-jan-2011$fGBP10.50$g0$hA$5Uk
=FIN  \\$aY
=FMT  \\$a  SE
=LAS  \\$a8124$b40$c20210317$lBLL01$h1055
=LEO  \\$aMP10.0000015408
=LEO  \\$aMP25.0000190163
=SRC  \\$aDSS01$bbibmp10.200404.2.aa
=SRC  \\$aSRI01$bbibmp25.200404.2.aa
=TCO  \\$aXXX$c008

