=LDR  02780 as a2200649 a 4500
=001  012108336
=003  Uk
=005  20210317113614.0
=007  ta
=008  960220c19929999ru\mr\p\\\a\\\0\\\c0rus\\
=019  0\$as408620005
=022  0\$y0869-4117
=040  \\$aUk$cUk$dUk
=041  0\$arus$beng
=042  \\$aukblsr
=082  04$a616.99$223
=084  \\$aGT 60$2blsrissc
=245  00$aReferativnyĭ zhurnal.$pBiologii︠a︡.$pOnkologii︠a︡.
=260  \\$aMoskva :$bVINITI,$c1992-
=300  \\$c29cm.
=336  \\$atext$2rdacontent
=337  \\$aunmediated$2rdamedia
=338  \\$avolume$2rdacarrier
=540  \\$aBritish Library not licensed to copy$c0$5Uk
=546  \\$aContents list in English.
=580  \\$aContinuation of "Referativnyĭ zhurnal. Onkologii︠a︡", q.v.; and part replacement of "Referativnyĭ zhurnal. Biologii︠a︡", q.v.
=595  \\$aFORMERLY REFERATIVNYI 0142.00 UP TO 1991 ALSO FORMERLY 0148.26N SEE ALSO 0142.00 FOR OTHER EXTERNAL HOLDINGS.
=650  \0$aTumors.
=710  2\$aVserossiĭskiĭ institut nauchnoĭ i technicheskoĭ informat︠s︡ii.
=780  01$tReferativnyĭ zhurnal. Biologii︠a︡$x0034-2300
=780  00$tReferativnyĭ zhurnal. Onkologii︠a︡
=852  71$aBritish Library$bSTI$k(A)$hGT 60$m-R(1)$2blsrissc$31993-1996***Stock incomplete
=852  41$aBritish Library$bDSC$j0142.106000$31992(1)- 1992(11/12) *A=1
=886  2\$2blmarc$a029$b00$as22900900x$as26910500x
=945  \\$aREFERATIVNYI ZHURNAL BIOLOGIIA ONKOLOGIIA.
=957  \\$aExch
=959  \\$fHeld but not currently received
=985  \\$aISSN title history diverges from BL
=CAT  \\$aCONV$b00$c20040425$lBLL90$h0855
=CAT  \\$aCONV$b00$c20040502$lBLL01$h1456
=CAT  \\$aBATCH$b00$c20091123$lBLL01$h0105
=CAT  \\$aWR16120681$c20161221$lBLL01$h1802
=CAT  \\$a8124$b40$c20210317$lBLL01$h1133
=CAT  \\$a8124$b40$c20210317$lBLL01$h1136
=CFI  0\$aBritish Library not licensed to copy$c0$e07-sep-2011$hC$iTX$5Uk
=CFI  2\$aPrevious copyright fee: GBP10.50$c0$e01-jan-2011$fGBP10.50$g0$hA$5Uk
=FIN  \\$aY
=FMT  \\$a  SE
=LAS  \\$a8124$b40$c20210317$lBLL01$h1136
=LEO  \\$aMP25.0000190273
=LEO  \\$aMP10.0000015234
=LKR  \\$aPAR$b008888366$lBLL01$nReferativnyĭ zhurnal. Biologii︠a︡$mReferativnyĭ zhurnal. Biologii︠a︡. Onkologiia$r78001
=LKR  \\$aPAR$b009550243$lBLL01$nReferativnyĭ zhurnal. Onkologii︠a︡.$mReferativnyĭ zhurnal. Biologii︠a︡. Onkologiia$r78000
=SRC  \\$aSRI01$bbibmp25.200404.2.aa
=SRC  \\$aDSS01$bbibmp10.200404.2.aa
=SSD  \\$a50300{dollar}aContinuation of "Referativnyĭ zhurnal. Onkologii︠a︡", q.v.; and part replacement of "Referativnyĭ zhurnal. Biologii︠a︡", q.v
=TCO  \\$aXXX$c008

