=LDR  02455 as a2200577ua 4500
=001  012108338
=003  Uk
=005  20210317093722.0
=007  ta
=008  960220c19929999ru\mr\p\\\a\\\0\\\c0rus\\
=019  0\$as408622008
=019  c\$a2479052
=022  0\$y0869-4079
=040  \\$aUk$cUk$dUk
=084  \\$aER 05$2blsrissc
=245  00$aReferativnyĭ zhurnal.$pBiologii︠a︡.$pFiziologii︠a︡ i morfologii︠a︡ cheloveka i zhivotnykh.
=246  30$aBiologii︠a︡.$pFiziologii︠a︡ i morfologii︠a︡ cheloveka i zhivotnykh
=260  \\$aMoskva :$bVINITI,$c1992-
=300  \\$c29cm.
=336  \\$atext$2rdacontent
=337  \\$aunmediated$2rdamedia
=338  \\$avolume$2rdacarrier
=540  \\$aBritish Library not licensed to copy$c0$5Uk
=580  \\$aPart replacement of "Referativnyĭ zhurnal. Biologii︠a︡", q.v.
=595  \\$aFORMERLY REFERATIVNYI 0142.00 UP TO 1991 SEE ALSO 0142.00 FOR OTHER EXTERNAL HOLDINGS.
=710  2\$aVserossiĭskiĭ institut nauchnoĭ i technicheskoĭ informat︠s︡ii.
=780  01$tReferativnyĭ zhurnal. Biologii︠a︡$x0034-2300
=852  71$aBritish Library$bSTI$k(A)$hER 05$m-R(2)$2blsrissc$31993-1996***Stock incomplete
=852  41$aBritish Library$bDSC$j0142.165000$31992- 1996(11) *A=1
=886  2\$2blmarc$a029$b00$as22900900x
=945  \\$aREFERATIVNYI ZHURNAL BIOLOGIIA FIZIOLOGIIA I MORFOLOGIIA CHELOVEKA I ZHIVOTNYKH.
=957  \\$aExch
=959  \\$fHeld but not currently received
=985  \\$aISSN history diverges from BL
=CAT  \\$aCONV$b00$c20040425$lBLL90$h0855
=CAT  \\$aCONV$b00$c20040502$lBLL01$h1456
=CAT  \\$aBATCH$b00$c20091123$lBLL01$h0105
=CAT  \\$a8124$b40$c20210317$lBLL01$h0931
=CAT  \\$a8124$b40$c20210317$lBLL01$h0937
=CFI  0\$aBritish Library not licensed to copy$c0$e07-sep-2011$hC$iTX$5Uk
=CFI  2\$aPrevious copyright fee: GBP10.50$c0$e01-jan-2011$fGBP10.50$g0$hA$5Uk
=FIN  \\$aY
=FMT  \\$a  SE
=LAS  \\$a8124$b40$c20210317$lBLL01$h0937
=LEO  \\$aMP25.0000190275
=LEO  \\$aMP10.0000015239
=LKR  \\$aPAR$b008888366$lBLL01$nReferativnyĭ zhurnal. Biologii︠a︡$mReferativnyĭ zhurnal. Biologii︠a︡. Fiziologii︠a︡ i morfologii︠a︡ cheloveka i zhivotnykh$r78001
=SRC  \\$aSRI01$bbibmp25.200404.2.aa
=SRC  \\$aDSS01$bbibmp10.200404.2.aa
=SSD  \\$a50300{dollar}aPart replacement of "Referativnyĭ zhurnal. Biologii︠a︡", q.v
=TCO  \\$aXXX$c008

