=LDR  05267cas a2201189 a 4500
=001  012108386
=003  Uk
=005  20230511162812.0
=007  ta
=008  991116d199620uupl\qr\p\\\\\\\0\\\a0eng\\
=019  c\$a2553755
=019  0\$as408699000
=022  0\$a1425-8153
=040  \\$aUk$cUk$dUk
=042  \\$aukblsr
=082  04$a571.6$222
=084  \\$aKH 68$2blsrissc
=210  0\$aCell. mol. biol. lett.$b(Druk)
=222  \0$aCellular and molecular biology letters$b(Druk)
=245  00$aCellular and molecular biology letters.
=246  13$aCMBL
=260  \\$aWrocław :$bDepartment of Genetic Biochemistry, Institute of Biochemistry, University of Wrocław,$c1996-
=300  \\$av. :$bill. ;$c24-26 cm.
=310  \\$aQuarterly
=336  \\$atext$2rdacontent
=337  \\$aunmediated$2rdamedia
=338  \\$avolume$2rdacarrier
=362  0\$aVol. 1, no. 1 (1996)-
=500  \\$aOfficial publication of the Polish Society for Cell Biology.
=540  \\$aCurrent copyright fee: zero$c22\1$5Uk
=595  \\$aHard Copy No Longer required DSC
=650  \0$aCytology$vPeriodicals.
=650  \0$aMolecular biology$vPeriodicals.
=710  2\$aUniversity of Wrocław.$bInstitute of Biochemistry.$bDepartment of Genetic Biochemistry.
=710  2\$aPolish Society for Cell Biology.
=776  08$iAlso issued online as:$tCellular & molecular biology letters (Online)$x1689-1392
=852  41$aBritish Library$bDSC$j3097.921500$3Vol. 1, no. 1 (1996)-v. 15, no. 4 (2010)***UKRR Retained Title
=852  71$aBritish Library$bSTI$k(P)$hKH 68$m-E(6)$2blsrissc$3Vol.1 (1996)-vol.6 (2001)
=856  \\$31850-9999$uhttp://www.springer.com/gb/$xBLDSS
=945  \\$aCELLULAR AND MOLECULAR BIOLOGY LETTERS
=957  \\$aExch
=959  \\$fHeld but not currently received
=963  \\$aCA/U-2 1, 1996- *A=1$bN
=985  \\$aISSN UK Centre note: Information from BioMed Central, August 19 2016: print version ceased ahead of BioMed taking over title. ISSN UK, 22.08.2016.
=A02  \\$a2553755
=ACF  \\$aPrevious Copyright Fee: GBP26.00$c56\0$e12-nov-2015$fGBP26.00$g0$hP$5Uk
=ACF  \\$aPrevious copyright fee: GBP25.77$c4\9$e01-oct-2015$fGBP25.77$g0$hP$5Uk
=ACF  \\$aPrevious copyright fee: GBP26.63$c4\9$e01-jul-2015$fGBP26.63$g0$hP$5Uk
=ACF  \\$aPrevious copyright fee: GBP21.25$c4\9$e01-jan-2009$fGBP21.25$g0$hP$5Uk
=ACF  \\$aPrevious copyright fee: GBP16.75$c4\9$e01-jan-2007$fGBP16.75$g0$hP$5Uk
=ACF  \\$aPrevious Copyright Fee: GBP16.22$c4\9$e01-oct-2006$fGBP16.22$g0$hP$5Uk
=ACF  \\$aPrevious Copyright Fee: GBP17.14$c4\9$e21-sep-2006$fGBP17.14$g0$hP$5Uk
=ACF  \\$aPrevious Copyright Fee: GBP5.00$c0$e01-jul-2002$fGBP5.00$g0$hC$5Uk
=ACF  \\$aCurrent copyright fee: GBP2.50$c0$e01-jul-1998$fGBP2.50$g0$hC$5Uk
=ACF  \\$aCurrent copyright fee: GBP2.30$c0$e14-may-1998$fGBP2.30$g0$hC$5Uk
=ACF  \\$aPrevious copyright fee: GBP22.00$c4\9$e01-apr-2009$fGBP22.00$g0$hP$5Uk
=ACF  \\$aPrevious copyright fee: GBP22.00$c4\9$e12-aug-2012$fGBP22.00$g0$hP$5Uk
=ACF  \\$aPrevious copyright fee: GBP25.00$c4\9$e01-jan-2013$fGBP25.00$g0$hP$5Uk
=ACF  \\$aPrevious copyright fee: GBP25.77$c4\9$e01-jul-2013$fGBP25.77$g0$hP$5Uk
=ACF  \\$aPrevious copyright fee: GBP24.97$c4\9$e01-jan-2014$fGBP24.97$g0$hP$5Uk
=ACF  \\$aPrevious copyright fee: GBP24.21$c4\9$e01-jul-2014$fGBP24.21$g0$hP$5Uk
=ACF  \\$aPrevious copyright fee: GBP25.77$c4\9$e01-apr-2015$fGBP25.77$g0$hP$5Uk
=CAT  \\$aCONV$b00$c20040425$lBLL90$h0855
=CAT  \\$aIPL-CLA$c20121231$lBLL01$h1306
=CAT  \\$aIPL-CLA$c20130102$lBLL01$h1721
=CAT  \\$aWR13.005$c20130323$lBLL01$h1317
=CAT  \\$aBATCH-UPD$b00$c20130522$lBLL01$h1754
=CAT  \\$aIPL-CLA$c20130701$lBLL01$h0036
=CAT  \\$a8124$b40$c20130911$lBLL01$h1247
=CAT  \\$a8124$b40$c20130911$lBLL01$h1249
=CAT  \\$aBATCH-UPD$b40$c20131119$lBLL01$h2240
=CAT  \\$aIPL-CLA$c20131231$lBLL01$h2300
=CAT  \\$aBATCH-UPD$b00$c20140527$lBLL01$h2304
=CAT  \\$aBATCH-CLA$c20140528$lBLL01$h1733
=CAT  \\$aIPL-CLA$c20140630$lBLL01$h1716
=CAT  \\$aBLDSS-3PM$b00$c20150103$lBLL01$h1042
=CAT  \\$aBATCH-UPD$b00$c20150219$lBLL01$h1953
=CAT  \\$aIPL-CLA$c20150331$lBLL01$h1631
=CAT  \\$aBATCH-UPD$b00$c20150520$lBLL01$h1938
=CAT  \\$aIPL-CLA$c20150630$lBLL01$h1641
=CAT  \\$aBATCH-UPD$b00$c20150820$lBLL01$h2007
=CAT  \\$aIPL-CLA$c20150930$lBLL01$h1758
=CAT  \\$a5552$b40$c20151112$lBLL01$h1408
=CAT  \\$aBATCH-UPD$b40$c20160413$lBLL01$h1815
=CAT  \\$a11313$b40$c20160822$lBLL01$h1051
=CAT  \\$a5552$b40$c20180130$lBLL01$h1401
=CAT  \\$a5552$b40$c20180821$lBLL01$h1416
=CAT  \\$aBATCH-FIX$c20230511$lBLL01$h1628
=CFI  0\$aCurrent copyright fee: zero$c22\1$e21-aug-2018$fGBP0.00$g0$hP$5Uk
=CFI  2\$aPrevious copyright fee: zero$c4\9$e30-jan-2018$fGBP0.00$g0$hP$5Uk
=EST  \\$a2
=FFP  \\$aY$bBLDSS-3PM
=FIN  \\$aY
=FMT  \\$a  SE
=LAS  \\$aBATCH-FIX$b00$c20230511$lBLL01$h1628
=LEO  \\$aMP10.0000137611
=LEO  \\$aMP25.0000190325
=SRC  \\$aDSS01$bbibmp10.200404.2.aa
=SRC  \\$aSRI01$bbibmp25.200404.2.aa
=TCO  \\$aXXX$c008
=TOC  \\$aETOC
=UNO  \\$aY

