=LDR  08236cas a2201621 a 4500
=001  012114688
=003  Uk
=005  20220930142604.0
=007  ta
=008  810630c19519999xxumr\p\\\\\\\0\\\a0eng\\
=019  c\$a2017712
=019  0\$as509530001
=022  0\$a0003-1348
=040  \\$aUk$cUk$dUk
=082  04$a617$221
=084  \\$aGY 00$2blsrissc
=210  0\$aAm. surgeon
=222  \4$aThe American surgeon
=245  04$aThe American surgeon.
=260  \\$aPhiladelphia ;$aToronto :$bLippincott
=300  \\$av. :$bill., ports. ;$c26-28 cm.
=310  \\$aMonthly
=336  \\$atext$2rdacontent
=337  \\$aunmediated$2rdamedia
=338  \\$avolume$2rdacarrier
=362  0\$av. 17- Jan. 1951-
=500  \\$aOfficial publication of the Southeastern Surgical Congress.
=540  \\$aCurrent copyright fee: GBP36.32$c103\0$5Uk
=595  \\$aSee also card index.
=650  \0$aSurgery$vPeriodicals.
=710  2\$aSoutheastern Surgical Congress.
=710  2\$aNorth Pacific Surgical Association (U.S.)
=710  2\$aMidwest Surgical Association.
=710  2\$aAmerican College of Surgeons.$bSouthern California Chapter.
=776  08$iAlso issued online as:$tAmerican surgeon$x1555-9823
=852  71$aBritish Library$bSTI$k(P)$hGY 00$m-E(30)$2blsrissc$3Vol. 47 (1981)-v. 78 (2012); Deficient: vol.58, no.9, 1992
=852  41$aBritish Library$bDSC$j0857.750000$3Vol. 17, no. 1 (1951)-v 78, no. 12 (2012)
=856  \\$31850-9999$uhttp://www.sagepublications.com/$xBLDSS
=945  \\$aAmerican surgeon
=959  \\$fHeld but not currently received
=985  \\$aConference Analytic Records Exist
=985  \\$aISSN transferred from U.S. to UK (29/06/20) **Now waiting for print copy from SAGE (email sent 30/06/20)**
=A02  \\$a2017712
=ACF  \\$aPrevious Copyright Fee: GBP2.45$c0$e01-apr-2012$fGBP2.45$g0$hC$5Uk
=ACF  \\$aPrevious Copyright Fee: GBP2.28$c0$e01-jan-2012$fGBP2.28$g0$hC$5Uk
=ACF  \\$aPrevious Copyright Fee: GBP2.28$c0$e01-oct-2011$fGBP2.28$g0$hC$5Uk
=ACF  \\$aPrevious Copyright Fee: GBP2.28$c0$e01-jul-2011$fGBP2.28$g0$hC$5Uk
=ACF  \\$aPrevious Copyright Fee: GBP2.28$c0$e01-jan-2011$fGBP2.28$g0$hC$5Uk
=ACF  \\$aPrevious Copyright Fee: GBP2.28$c0$e01-oct-2010$fGBP2.28$g0$hC$5Uk
=ACF  \\$aPrevious Copyright Fee: GBP2.28$c0$e01-jul-2010$fGBP2.28$g0$hC$5Uk
=ACF  \\$aPrevious Copyright Fee: GBP2.28$c0$e01-apr-2010$fGBP2.28$g0$hC$5Uk
=ACF  \\$aPrevious Copyright Fee: GBP2.28$c0$e01-Jan-2010$fGBP2.28$g0$hC$5Uk
=ACF  \\$aPrevious Copyright Fee: GBP2.28$c0$e01-oct-2009$fGBP2.28$g0$hC$5Uk
=ACF  \\$aPrevious Copyright Fee: GBP2.71$c0$e01-jul-2009$fGBP2.71$g0$hC$5Uk
=ACF  \\$aPrevious Copyright Fee: GBP2.71$c0$e01-apr-2009$fGBP2.71$g0$hC$5Uk
=ACF  \\$aPrevious Copyright Fee: GBP2.38$c0$e01-jan-2009$fGBP2.38$g0$hC$5Uk
=ACF  \\$aPrevious Copyright Fee: GBP1.90$c0$e01-oct-2008$fGBP1.90$g0$hC$5Uk
=ACF  \\$aPrevious Copyright Fee: GBP1.90$c0$e01-jul-2008$fGBP1.90$g0$hC$5Uk
=ACF  \\$aPrevious Copyright Fee: GBP1.90$c0$e01-apr-2008$fGBP1.90$g0$hC$5Uk
=ACF  \\$aPrevious Copyright Fee: GBP1.90$c0$e01-jan-2008$fGBP1.90$g0$hC$5Uk
=ACF  \\$aPrevious Copyright Fee: GBP1.90$c0$e01-oct-2007$fGBP1.90$g0$hC$5Uk
=ACF  \\$aPrevious Copyright Fee: GBP1.90$c0$e01-jul-2007$fGBP1.90$g0$hC$5Uk
=ACF  \\$aPrevious Copyright Fee: GBP1.95$c0$e01-apr-2007$fGBP1.95$g0$hC$5Uk
=ACF  \\$aPrevious Copyright Fee: GBP2.05$c0$e01-jan-2007$fGBP2.05$g0$hC$5Uk
=ACF  \\$aPrevious Copyright Fee: GBP2.05$c0$e01-oct-2006$fGBP2.05$g0$hC$5Uk
=ACF  \\$aPrevious Copyright Fee: GBP2.17$c0$e01-jul-2006$fGBP2.17$g0$hC$5Uk
=ACF  \\$aPrevious Copyright Fee: GBP2.17$c0$e01-apr-2006$fGBP2.17$g0$hC$5Uk
=ACF  \\$aPrevious Copyright Fee: GBP2.11$c0$e01-jan-2006$fGBP2.11$g0$hC$5Uk
=ACF  \\$aPrevious Copyright Fee: GBP2.05$c0$e01-oct-2005$fGBP2.05$g0$hC$5Uk
=ACF  \\$aPrevious Copyright Fee: GBP2.05$c0$e01-jul-2005$fGBP2.05$g0$hC$5Uk
=ACF  \\$aPrevious Copyright Fee: GBP2.05$c0$e01-apr-2005$fGBP2.05$g0$hC$5Uk
=ACF  \\$aPrevious Copyright Fee: GBP2.11$c0$e01-jan-2005$fGBP2.11$g0$hC$5Uk
=ACF  \\$aPrevious Copyright Fee: GBP2.05$c0$e01-oct-2004$fGBP2.05$g0$hC$5Uk
=ACF  \\$aPrevious copyright fee: GBP2.05$c0$e01-apr-2004$fGBP2.05$g0$hC$5Uk
=ACF  \\$aCurrent copyright fee: GBP2.24$c0$e01-jan-2004$fGBP2.24$g0$hC$5Uk
=ACF  \\$aCurrent copyright fee: GBP2.38$c0$e01-jan-2003$fGBP2.38$g0$hC$5Uk
=ACF  \\$aPrevious Copyright Fee: GBP2.30$c0$e01-jul-2012$fGBP2.30$g0$hC$5Uk
=ACF  \\$aPrevious Copyright Fee: GBP2.45$c0$e01-oct-2012$fGBP2.45$g0$hC$5Uk
=ACF  \\$aPrevious Copyright Fee: GBP2.38$c0$e01-jan-2013$fGBP2.38$g0$hC$5Uk
=ACF  \\$aPrevious Copyright Fee: GBP2.45$c0$e01-jul-2013$fGBP2.45$g0$hC$5Uk
=ACF  \\$aPrevious Copyright Fee: GBP2.28$c0$e01-oct-2013$fGBP2.28$g0$hC$5Uk
=ACF  \\$aPrevious Copyright Fee: GBP2.38$c0$e01-jan-2014$fGBP2.38$g0$hC$5Uk
=ACF  \\$aPrevious Copyright Fee: GBP2.30$c0$e01-jul-2014$fGBP2.30$g0$hC$5Uk
=ACF  \\$aPrevious Copyright Fee: GBP1.82$c0$e01-jan-2015$fGBP1.82$g0$hC$5Uk
=ACF  \\$aPrevious Copyright Fee: GBP2.00$c0$e01-apr-2015$fGBP2.00$g0$hC$5Uk
=ACF  \\$aPrevious Copyright Fee: GBP1.94$c0$e01-oct-2015$fGBP1.94$g0$hC$5Uk
=ACF  \\$aPrevious Copyright Fee: GBP2.07$c0$e01-apr-2016$fGBP2.07$g0$hC$5Uk
=ACF  \\$aPrevious Copyright Fee: GBP2.22$c0$e01-oct-2016$fGBP2.22$g0$hC$5Uk
=ACF  \\$aPrevious Copyright Fee: GBP2.40$c0$e01-apr-2017$fGBP2.40$g0$hC$5Uk
=ACF  \\$aPrevious Copyright Fee: GBP2.28$c0$e01-oct-2017$fGBP2.28$g0$hC$5Uk
=ACF  \\$aPrevious Copyright Fee: GBP2.31$c0$e01-jan-2018$fGBP2.31$g0$hC$5Uk
=ACF  \\$aPrevious Copyright Fee: GBP2.14$c0$e01-apr-2018$fGBP2.14$g0$hC$5Uk
=ACF  \\$aPrevious Copyright Fee: GBP2.31$c0$e01-oct-2018$fGBP2.31$g0$hC$5Uk
=ACF  \\$aPrevious Copyright Fee: GBP2.40$c0$e01-oct-2019$fGBP2.40$g0$hC$5Uk
=ACF  \\$aPrevious Copyright Fee: GBP2.31$c0$e01-apr-2020$fGBP2.31$g0$hC$5Uk
=ACF  \\$aPrevious Copyright Fee: GBP2.40$c0$e01-jul-2020$fGBP2.40$g0$hC$5Uk
=ACF  \\$aPrevious Copyright Fee: GBP34.86$c103\0$e01-jan-2021$fGBP34.86$g0$hP$5Uk
=ACF  \\$aPrevious copyright fee: GBP32.28$c103\0$e01-apr-2021$fGBP32.28$g0$hP$5Uk
=ACF  \\$aPrevious copyright fee: GBP31.13$c103\0$e07-jul-2021$fGBP31.13$g0$hP$5Uk
=CAT  \\$aCONV$b00$c20040425$lBLL90$h0855
=CAT  \\$aBATCH-CLA$b00$c20180831$lBLL01$h1622
=CAT  \\$aIPL-CLA$c20180930$lBLL01$h1459
=CAT  \\$aBATCH-CLA$b00$c20190909$lBLL01$h1718
=CAT  \\$aIPL-CLA$c20190930$lBLL01$h1635
=CAT  \\$aBATCH-CLA$b00$c20200228$lBLL01$h1633
=CAT  \\$aIPL-CLA$c20200331$lBLL01$h1611
=CAT  \\$aBATCH-CLA$b00$c20200529$lBLL01$h1536
=CAT  \\$a8483$b40$c20200623$lBLL01$h0957
=CAT  \\$a10806$b40$c20200629$lBLL01$h0734
=CAT  \\$a10806$b40$c20200630$lBLL01$h1027
=CAT  \\$aIPL-CLA$c20200701$lBLL01$h0052
=CAT  \\$aBATCH-CLA$b00$c20201126$lBLL01$h1406
=CAT  \\$a5552$b40$c20201210$lBLL01$h1416
=CAT  \\$aIPL-CLA$c20201231$lBLL01$h1527
=CAT  \\$aBATCH-UNOA$c20210106$lBLL01$h0031
=CAT  \\$aBLDSS-3PM$b00$c20210106$lBLL01$h1501
=CAT  \\$aBATCH-UPD$b00$c20210106$lBLL01$h1502
=CAT  \\$aBATCH-UPD$b00$c20210226$lBLL01$h0948
=CAT  \\$aIPL-CLA$c20210331$lBLL01$h1659
=CAT  \\$aBATCH-UPD$b00$c20210707$lBLL01$h1512
=CAT  \\$aIPL-CLA$c20210707$lBLL01$h1843
=CAT  \\$aBATCH-UPD$b00$c20220520$lBLL01$h1539
=CAT  \\$aIPL-CLA$c20220630$lBLL01$h1536
=CAT  \\$aBATCH-UPD$b00$c20220824$lBLL01$h0815
=CAT  \\$aIPL-CLA$c20220930$lBLL01$h1426
=CFI  0\$aCurrent copyright fee: GBP36.32$c103\0$e01-oct-2022$fGBP36.32$g0$hP$5Uk
=CFI  2\$aPrevious copyright fee: GBP34.86$c103\0$e01-jul-2022$fGBP34.86$g0$hP$5Uk
=FFP  \\$aY$bBLDSS-3PM
=FIN  \\$aY
=FMT  \\$a  SE
=LAS  \\$aIPL-CLA$b00$c20220930$lBLL01$h1426
=LEO  \\$aMP10.0000045410
=LEO  \\$aMP25.0000200175
=SRC  \\$aDSS01$bbibmp10.200404.2.aa
=SRC  \\$aSRI01$bbibmp25.200404.2.aa
=TCO  \\$aTRS$bCCC$c008
=TOC  \\$aETOC
=UNO  \\$aY

