=LDR  07312cas a2201501 a 4500
=001  012248643
=003  Uk
=005  20230210005939.0
=006  aa\\\|||||||||||||
=007  ta
=008  771001d19711975enkqr\p\\\\\\\0\\\a0eng\\
=015  \\$aGB7106789$2bnb
=019  c\$a2104928
=019  y\$aB7106789
=019  9\$ab7106789
=019  0\$as113480016
=022  0\$a0022-2607
=030  \\$aMLBTB2
=040  \\$aUk$cUk$dUk
=050  00$aRB37.A1
=082  04$a616.07/5$218
=084  \\$aGQ 87$2blsrissc
=210  0\$aMed. Lab. Technol.
=222  \0$aMedical Laboratory technology
=245  00$aMedical laboratory technology.
=260  \\$aLondon :$bPublished for the Institute of Medical Laboratory Technology by Academic Press,$c1971-1975.
=300  \\$av. :$bill. ;$c25 cm.
=310  \\$aQuarterly
=336  \\$atext$2rdacontent
=337  \\$aunmediated$2rdamedia
=338  \\$avolume$2rdacarrier
=362  0\$aVol. 28, no. 1 (Jan. 1971)-v. 32 (1975).
=540  \\$aCurrent Copyright Fee: GBP45.00$c0$5Uk
=595  \\$aFORMERLY 5017.075 UPTO 27(4), 1970 CONTD AS 5529.393 33(1), 1976- SEE ALSO 5529.393 FOR DPB HOLDINGS SEE ALSO CARD INDEX.
=650  \0$aMedical laboratories$xTechnique$vPeriodicals.
=710  2\$aInstitute of Medical Laboratory Technology (Great Britain)
=780  00$tJournal of medical laboratory technology$x0368-3109
=785  00$tMedical laboratory sciences$x0308-3616
=852  41$aBritish Library$bDSC$j5529.400000$3Vol. 28, no. 1 (1971)-v. 32, no. 4 (1975)***UKRR Retained Title
=852  71$aBritish Library$bSTI$k(P)$hGQ 87$m-E(6)$2blsrissc$31971-1975; Vol.28-32.
=945  \\$aMEDICAL LABORATORY TECHNOLOGY.
=959  \\$fHeld but not currently received
=963  \\$aCA/M-7 1971- 1975 *A=1$bN
=985  \\$aCorrected by BSS-generated file for WR# 10/166
=985  \\$aISSN UK: UK coding removed - record is US resp. (15/12/16)
=ACF  \\$aPrevious Copyright Fee: GBP12.00$c0$e01-apr-2012$fGBP12.00$g0$hC$5Uk
=ACF  \\$aPrevious Copyright Fee: GBP12.00$c0$e01-jan-2012$fGBP12.00$g0$hC$5Uk
=ACF  \\$aPrevious Copyright Fee: GBP10.50$c0$e01-oct-2011$fGBP10.50$g0$hC$5Uk
=ACF  \\$aPrevious Copyright Fee: GBP10.50$c0$e01-jul-2011$fGBP10.50$g0$hC$5Uk
=ACF  \\$aPrevious Copyright Fee: GBP10.50$c0$e01-apr-2011$fGBP10.50$g0$hC$5Uk
=ACF  \\$aPrevious Copyright Fee: GBP10.50$c0$e01-jan-2011$fGBP10.50$g0$hC$5Uk
=ACF  \\$aPrevious Copyright Fee: GBP9.00$c0$e01-oct-2010$fGBP9.00$g0$hC$5Uk
=ACF  \\$aPrevious Copyright Fee: GBP9.00$c0$e01-jul-2010$fGBP9.00$g0$hC$5Uk
=ACF  \\$aPrevious Copyright Fee: GBP9.00$c0$e01-apr-2010$fGBP9.00$g0$hC$5Uk
=ACF  \\$aPrevious Copyright Fee: GBP9.00$c0$e01-Jan-2010$fGBP9.00$g0$hC$5Uk
=ACF  \\$aPrevious Copyright Fee: GBP6.00$c0$e01-oct-2009$fGBP6.00$g0$hC$5Uk
=ACF  \\$aPrevious Copyright Fee: GBP6.00$c0$e01-jul-2009$fGBP6.00$g0$hC$5Uk
=ACF  \\$aPrevious Copyright Fee: GBP6.00$c0$e01-apr-2009$fGBP6.00$g0$hC$5Uk
=ACF  \\$aPrevious Copyright Fee: GBP6.00$c0$e01-jan-2009$fGBP6.00$g0$hC$5Uk
=ACF  \\$aPrevious Copyright Fee: GBP6.00$c0$e01-oct-2008$fGBP6.00$g0$hC$5Uk
=ACF  \\$aPrevious Copyright Fee: GBP6.00$c0$e01-jul-2008$fGBP6.00$g0$hC$5Uk
=ACF  \\$aPrevious Copyright Fee: GBP6.00$c0$e01-apr-2008$fGBP6.00$g0$hC$5Uk
=ACF  \\$aPrevious Copyright Fee: GBP6.00$c0$e01-jan-2008$fGBP6.00$g0$hC$5Uk
=ACF  \\$aPrevious Copyright Fee: GBP5.00$c0$e01-oct-2007$fGBP5.00$g0$hC$5Uk
=ACF  \\$aPrevious Copyright Fee: GBP5.00$c0$e01-jul-2007$fGBP5.00$g0$hC$5Uk
=ACF  \\$aPrevious Copyright Fee: GBP6.15$c0$e01-apr-2007$fGBP6.15$g0$hC$5Uk
=ACF  \\$aPrevious Copyright Fee: GBP6.49$c0$e01-jan-2007$fGBP6.49$g0$hC$5Uk
=ACF  \\$aPrevious Copyright Fee: GBP6.49$c0$e01-oct-2006$fGBP6.49$g0$hC$5Uk
=ACF  \\$aPrevious Copyright Fee: GBP6.86$c0$e01-jul-2006$fGBP6.86$g0$hC$5Uk
=ACF  \\$aPrevious Copyright Fee: GBP6.86$c0$e01-apr-2006$fGBP6.86$g0$hC$5Uk
=ACF  \\$aPrevious Copyright Fee: GBP6.67$c0$e01-jan-2006$fGBP6.67$g0$hC$5Uk
=ACF  \\$aPrevious Copyright Fee: GBP6.49$c0$e01-oct-2005$fGBP6.49$g0$hC$5Uk
=ACF  \\$aPrevious Copyright Fee: GBP6.49$c0$e01-jul-2005$fGBP6.49$g0$hC$5Uk
=ACF  \\$aPrevious Copyright Fee: GBP6.49$c0$e01-apr-2005$fGBP6.49$g0$hC$5Uk
=ACF  \\$aPrevious Copyright Fee: GBP6.67$c0$e01-jan-2005$fGBP6.67$g0$hC$5Uk
=ACF  \\$aPrevious Copyright Fee: GBP6.49$c0$e01-oct-2004$fGBP6.49$g0$hC$5Uk
=ACF  \\$aPrevious copyright fee: GBP6.49$c0$e01-apr-2004$fGBP6.49$g0$hC$5Uk
=ACF  \\$aCurrent copyright fee: GBP7.06$c0$e01-jan-2004$fGBP7.06$g0$hC$5Uk
=ACF  \\$aCurrent copyright fee: GBP7.50$c0$e01-oct-2003$fGBP7.50$g0$hC$5Uk
=ACF  \\$aPrevious Copyright Fee: GBP12.00$c0$e01-jul-2012$fGBP12.00$g0$hC$5Uk
=ACF  \\$aPrevious Copyright Fee: GBP12.00$c0$e01-oct-2012$fGBP12.00$g0$hC$5Uk
=ACF  \\$aPrevious Copyright Fee: GBP12.30$c0$e01-jan-2014$fGBP12.30$g0$hC$5Uk
=ACF  \\$aPrevious Copyright Fee: GBP15.00$c0$e01-jan-2017$fGBP15.00$g0$hC$5Uk
=ACF  \\$aPrevious Copyright Fee: GBP25.00$c0$e01-apr-2017$fGBP25.00$g0$hC$5Uk
=ACF  \\$aPrevious Copyright Fee: GBP45.00$c0$e01-apr-2021$fGBP45.00$g0$hC$5Uk
=CAT  \\$aWR09-126
=CAT  \\$aBATCH-CLA$b00$c20111130$lBLL01$h1218
=CAT  \\$aIPL-CLA$c20111230$lBLL01$h1957
=CAT  \\$aBATCH-CLA$b00$c20120229$lBLL01$h1635
=CAT  \\$aIPL-CLA$c20120330$lBLL01$h1429
=CAT  \\$aBATCH-CLA$b00$c20120531$lBLL01$h1724
=CAT  \\$aIPL-CLA$c20120629$lBLL01$h1028
=CAT  \\$aBATCH-CLA$b00$c20120831$lBLL01$h1548
=CAT  \\$aIPL-CLA$c20120930$lBLL01$h2110
=CAT  \\$a6537$b40$c20121101$lBLL01$h1240
=CAT  \\$aBATCH-CLA$b00$c20121109$lBLL01$h1740
=CAT  \\$aWR13.005$c20130323$lBLL01$h1349
=CAT  \\$aBATCH-CLA$b00$c20131129$lBLL01$h1635
=CAT  \\$aIPL-CLA$c20131231$lBLL01$h2303
=CAT  \\$aWR14_140$c20140905$lBLL01$h1757
=CAT  \\$aBATCH-UPD$b00$c20140906$lBLL01$h0510
=CAT  \\$aBATCH-CLA$b00$c20161130$lBLL01$h1630
=CAT  \\$a10806$b40$c20161215$lBLL01$h1404
=CAT  \\$a10806$b40$c20161215$lBLL01$h1408
=CAT  \\$aIPL-CLA$c20161230$lBLL01$h2057
=CAT  \\$aBATCH-CLA$b00$c20170228$lBLL01$h1629
=CAT  \\$aIPL-CLA$c20170331$lBLL01$h1839
=CAT  \\$aBATCH-CLA$b00$c20210227$lBLL01$h1014
=CAT  \\$aIPL-CLA$c20210331$lBLL01$h1840
=CAT  \\$aBATCH-CLA$b00$c20221130$lBLL01$h1452
=CAT  \\$aIPL-CLA$c20221231$lBLL01$h2038
=CAT  \\$aBATCH-CLA$b00$c20230209$lBLL01$h1539
=CAT  \\$aIPL-CLA$c20230210$lBLL01$h0059
=CFI  0\$aCurrent Copyright Fee: GBP45.00$c0$e09-feb-2023$fGBP45.00$g0$hC$5Uk
=CFI  2\$aBritish Library not licensed to copy$c0$e01-jan-2023$hC$iCFP Excluded$5Uk
=FIN  \\$aY
=FMT  \\$a  SE
=LAS  \\$aIPL-CLA$b00$c20230210$lBLL01$h0059
=LEO  \\$aMP3.0000000093
=LEO  \\$aMP10.0000364391
=LEO  \\$aMP22.0000001167
=LEO  \\$aMP25.0000025011
=LKR  \\$aPAR$b010490772$lBLL01$r78000$mMedical laboratory technology$nJournal of medical laboratory technology
=SRC  \\$aDSS01$bbibmp10.200404.2.aa
=SRC  \\$aBNB02$bbibmp3.200404.2.aa
=SRC  \\$aISN01$bbibmp22.200404.2.aa
=SRC  \\$aSRI01$bbibmp25.200404.2.aa
=TCO  \\$aCLA$bCLA$c008

