=LDR  10521cas a22018857a 4500
=001  012248672
=003  Uk
=005  20210517155849.0
=007  ta
=008  780727c19709999nikbr\p\\\\\\\0\\\a0eng\\
=015  \\$aGB7110696$2bnb
=019  y\$aB7110696
=019  9\$ab7110696
=019  n\$aNLC0009251
=022  0\$a0141-7762$z0046-4694$202
=040  \\$aUk$cUk$dUk
=050  00$aAN
=082  04$a079.4161$218
=130  0\$aFortnight (Belfast, Ireland : 1970)
=210  0\$aFortnight$b(Belf.)
=222  \0$aFortnight$b(Belfast)
=245  10$aFortnight :$bAn independent review.
=246  1\$iTitle of short duration:$aNorthern Irish fortnight,$fno.134 (8 Oct. 1976)-no. 140 (14 Jan. 1977)
=260  \\$aBelfast :$bFortnight Publications Ltd,$c1970-
=300  \\$bill., ports. ;$c31 cm.
=310  \\$aBimonthly
=321  \\$aBiweekly
=336  \\$atext$2rdacontent
=337  \\$aunmediated$2rdamedia
=338  \\$avolume$2rdacarrier
=362  0\$aIssue 1- : 25th September 1970-
=500  \\$aFortnightly. 24p. in first issue.
=540  \\$aBritish Library not licensed to copy$c0$5Uk
=595  \\$aCONTD AS 6151.01352N FORMERLY 6151.01352N SEE ALSO SERIAL RECORDS USC AND CARD INDEX.
=650  \0$aNewspapers.
=653  \\$aNewspapers with Belfast imprints$aTexts
=776  08$iAlso issued online as:$tFortnight (Belfast, Ireland : 1970)$x2752-6445
=852  41$aBritish Library$bSTI
=852  41$31994-2002$aBritish Library$bNPL$jNEWS13391
=852  41$32010-2018$aBritish Library$bNPL$jNEWS.REG1630
=852  41$31975-2009$aBritish Library$bNPL$jNEWS14386
=852  41$31994$aBritish Library$bNPL$jPENN.NT385
=852  41$aBritish Library$bNPL
=852  41$31976-1978$aBritish Library$bNPL$jNEWS13934
=852  41$aBritish Library$bHMNTS$jREG2139$3No. 469 (Mar. 2010)-no. 478 (Dec./Jan. 2011/2012)***UKRR-Excluded-Out of Scope
=852  41$32006$aBritish Library$bHMNTS$jLOU.136 [2006]$3UKRR-Excluded-Out of Scope
=852  41$32007$aBritish Library$bHMNTS$jLOU.321 [2007]$3UKRR-Excluded-Out of Scope
=852  41$32009$aBritish Library$bHMNTS$jLOU.344 [2009]$3UKRR-Excluded-Out of Scope
=852  41$32001$aBritish Library$bHMNTS$jLOU.434 [2001]$3UKRR-Excluded-Out of Scope
=852  41$31977$aBritish Library$bHMNTS$jLOU.611 [1977]$3UKRR-Excluded-Out of Scope
=852  41$31980$aBritish Library$bHMNTS$jLOU.4328 [1980]$3UKRR-Excluded-Out of Scope
=852  41$31981$aBritish Library$bHMNTS$jLOU.3562 [1981]$3UKRR-Excluded-Out of Scope
=852  41$31979$aBritish Library$bHMNTS$jLOU.4258 [1979]$3UKRR-Excluded-Out of Scope
=852  41$31982$aBritish Library$bHMNTS$jLOU.3803 [1982]$3UKRR-Excluded-Out of Scope
=852  41$31983$aBritish Library$bHMNTS$jLOU.320 [1983]$3UKRR-Excluded-Out of Scope
=852  41$31984$aBritish Library$bHMNTS$jLOU.152 [1984]$3UKRR-Excluded-Out of Scope
=852  41$31985$aBritish Library$bHMNTS$jLOU.296 [1985]$3UKRR-Excluded-Out of Scope
=852  41$31986$aBritish Library$bHMNTS$jLOU.889 [1986]$3UKRR-Excluded-Out of Scope
=852  41$31987$aBritish Library$bHMNTS$jLOU.815 [1987]$3UKRR-Excluded-Out of Scope
=852  41$31988$aBritish Library$bHMNTS$jLOU.954 [1988]$3UKRR-Excluded-Out of Scope
=852  41$31990$aBritish Library$bHMNTS$jLOU.1249 [1990]$3UKRR-Excluded-Out of Scope
=852  41$31991$aBritish Library$bHMNTS$jLOU.968 [1991]$3UKRR-Excluded-Out of Scope
=852  41$31992$aBritish Library$bHMNTS$jLOU.810 [1992]$3UKRR-Excluded-Out of Scope
=852  41$31993$aBritish Library$bHMNTS$jLOU.1019 [1993]$3UKRR-Excluded-Out of Scope
=852  41$31994$aBritish Library$bHMNTS$jLOU.289 [1994]$3UKRR-Excluded-Out of Scope
=852  41$31995$aBritish Library$bHMNTS$jLOU.937 [1995]$3UKRR-Excluded-Out of Scope
=852  41$31996$aBritish Library$bHMNTS$jLOU.264 [1996]$3UKRR-Excluded-Out of Scope
=852  41$31997$aBritish Library$bHMNTS$jLOU.664 [1997]$3UKRR-Excluded-Out of Scope
=852  41$31998$aBritish Library$bHMNTS$jLOU.731 [1998]$3UKRR-Excluded-Out of Scope
=852  41$31999$aBritish Library$bHMNTS$jLOU.277 [1999]$3UKRR-Excluded-Out of Scope
=852  41$32000$aBritish Library$bHMNTS$jLOU.454 [2000]$3UKRR-Excluded-Out of Scope
=852  41$32003$aBritish Library$bHMNTS$jLOU.305 [2003]$3UKRR-Excluded-Out of Scope
=852  41$32004$aBritish Library$bHMNTS$jLOU.640 [2004]$3UKRR-Excluded-Out of Scope
=852  41$32005$aBritish Library$bHMNTS$jLOU.134 [2005]$3UKRR-Excluded-Out of Scope
=852  41$aBritish Library$bHMNTS$3No. 141 (4 Feb. 1977)-***UKRR-Excluded-Out of Scope
=852  41$32008$aBritish Library$bHMNTS$jLOU.278 [2008]$3UKRR-Excluded-Out of Scope
=852  41$31972$aBritish Library$bHMNTS$jLOU.4443 [1972]
=852  41$31970$aBritish Library$bHMNTS$jLOU.596A [1970]
=852  41$31975$aBritish Library$bHMNTS$jLOU.1668 [1975]
=852  41$31976$aBritish Library$bHMNTS$jLOU.317 [1976]
=852  41$31971$aBritish Library$bHMNTS$zBound with 1970$jLOU.596A [1970]
=852  41$31973$aBritish Library$bHMNTS$zBound with 1972$jLOU.4443 [1972]
=852  41$31974$aBritish Library$bHMNTS$zBound with 1972$jLOU.4443 [1972]
=852  41$31976$aBritish Library$bHMNTS$jLOU.317 [1976]
=852  41$31977$aBritish Library$bHMNTS$jLOU.611 [1977]
=945  \\$aFortnight -Belfast-.
=979  \\$aBritish Library$bDSC$j4018.245000N$xNot selected
=985  \\$aISSN UK Centre note: ceased with issue 478 (December 2011/January 2012). Relaunched to commemorate 50th anniversary in September 2020 in both print and online formats entitled: Fortnight@50 (to be treated as title of short duration as publisher confirms '@50' will be dropped from title at the end of the anniversary year (last with '@50' will be July 2021 issue?). To be published quarterly. Copy requested from publisher 17/5/2021.
=ACF  \\$aBritish Library not licensed to copy$c0$e01-apr-2012$hC$iCLA Excluded$5Uk
=ACF  \\$aBritish Library not licensed to copy$c0$e01-jan-2012$hC$iCLA Excluded$5Uk
=ACF  \\$aBritish Library not licensed to copy$c0$e01-oct-2011$hC$iCLA Excluded$5Uk
=ACF  \\$aBritish Library not licensed to copy$c0$e01-jul-2011$hC$iCLA Excluded$5Uk
=ACF  \\$aBritish Library not licensed to copy$c0$e01-apr-2011$hC$iCLA Excluded$5Uk
=ACF  \\$aBritish Library not licensed to copy$c0$e01-jan-2011$hC$iCLA Excluded$5Uk
=ACF  \\$aBritish Library not licensed to copy$c0$e01-oct-2010$hC$iCLA Excluded$5Uk
=ACF  \\$aBritish Library not licensed to copy$c0$e01-jul-2010$hC$iCLA Excluded$5Uk
=ACF  \\$aBritish Library not licensed to copy$c0$e01-apr-2010$hC$iCLA Excluded$5Uk
=ACF  \\$aBritish Library not licensed to copy$c0$e01-Jan-2010$hC$iCLA Excluded$5Uk
=ACF  \\$aBritish Library not licensed to copy$c0$e01-oct-2009$hC$iCLA Excluded$5Uk
=ACF  \\$aBritish Library not licensed to copy$c0$e01-jul-2009$hC$iCLA Excluded$5Uk
=ACF  \\$aBritish Library not licensed to copy$c0$e01-apr-2009$hC$iCLA Excluded$5Uk
=ACF  \\$aBritish Library not licensed to copy$c0$e01-jan-2009$hC$iCLA Excluded$5Uk
=ACF  \\$aBritish Library not licensed to copy$c0$e01-oct-2008$hC$iCLA Excluded$5Uk
=ACF  \\$aBritish Library not licensed to copy$c0$e01-jul-2008$hC$iCLA Excluded$5Uk
=ACF  \\$aBritish Library not licensed to copy$c0$e01-apr-2008$hC$iCLA Excluded$5Uk
=ACF  \\$aBritish Library not licensed to copy$c0$e01-jan-2008$hC$iCLA Excluded$5Uk
=ACF  \\$aBritish Library not licensed to copy$c0$e01-oct-2007$hC$iCLA Excluded$5Uk
=ACF  \\$aBritish Library not licensed to copy$c0$e01-jul-2007$hC$iCLA Excluded$5Uk
=ACF  \\$aBritish Library not licensed to copy$c0$e01-apr-2007$hC$iCLA Excluded$5Uk
=ACF  \\$aBritish Library not licensed to copy$c0$e01-jan-2007$hC$iCLA Excluded$5Uk
=ACF  \\$aBritish Library not licensed to copy$c0$e01-oct-2006$hC$iCLA Excluded$5Uk
=ACF  \\$aBritish Library not licensed to copy$c0$e01-jul-2006$hC$iCLA Excluded$5Uk
=ACF  \\$aBritish Library not licensed to copy$c0$e01-apr-2006$hC$iCLA Excluded$5Uk
=ACF  \\$aBritish Library not licensed to copy$c0$e01-jan-2006$hC$iCLA Excluded$5Uk
=ACF  \\$aBritish Library not licensed to copy$c0$e01-oct-2005$hC$iCLA Excluded$5Uk
=ACF  \\$aBritish Library not licensed to copy$c0$e01-jul-2005$hC$iCLA Excluded$5Uk
=ACF  \\$aBritish Library not licensed to copy$c0$e01-apr-2005$hC$iCLA Excluded$5Uk
=ACF  \\$aBritish Library not licensed to copy$c0$e01-jul-2012$hC$iCLA Excluded$5Uk
=CAT  \\$aWR09-126
=CAT  \\$aRESET-LEV$b50$c20210902$lBLL01$h2124
=CAT  \\$aRESET-LEV$b50$c20211001$lBLL01$h2214
=CAT  \\$aRESET-LEV$b50$c20211102$lBLL01$h0303
=CAT  \\$aRESET-LEV$b50$c20211202$lBLL01$h2119
=CAT  \\$aRESET-LEV$b50$c20220103$lBLL01$h0030
=CAT  \\$aRESET-LEV$b50$c20220202$lBLL01$h0136
=CAT  \\$aRESET-LEV$b50$c20220302$lBLL01$h0051
=CAT  \\$aRESET-LEV$b50$c20220401$lBLL01$h2227
=CAT  \\$aRESET-LEV$b50$c20220502$lBLL01$h0238
=CAT  \\$aRESET-LEV$b50$c20220602$lBLL01$h2121
=CAT  \\$aRESET-LEV$b50$c20220701$lBLL01$h2227
=CAT  \\$aRESET-LEV$b50$c20220802$lBLL01$h0349
=CAT  \\$aRESET-LEV$b50$c20220902$lBLL01$h2216
=CAT  \\$aRESET-LEV$b50$c20221003$lBLL01$h0409
=CAT  \\$aRESET-LEV$b50$c20221102$lBLL01$h0229
=CAT  \\$aRESET-LEV$b50$c20221202$lBLL01$h2220
=CAT  \\$aRESET-LEV$b50$c20230102$lBLL01$h0255
=CAT  \\$aRESET-LEV$b50$c20230202$lBLL01$h2122
=CAT  \\$aRESET-LEV$b50$c20230302$lBLL01$h2129
=CAT  \\$aRESET-LEV$b50$c20230403$lBLL01$h0237
=CAT  \\$aRESET-LEV$b50$c20230502$lBLL01$h0320
=CAT  \\$aRESET-LEV$b50$c20230602$lBLL01$h2221
=CAT  \\$aRESET-LEV$b50$c20230703$lBLL01$h0502
=CAT  \\$aRESET-LEV$b50$c20230802$lBLL01$h0204
=CAT  \\$aRESET-LEV$b50$c20230902$lBLL01$h1730
=CAT  \\$aRESET-LEV$b50$c20231002$lBLL01$h0434
=CFI  0\$aBritish Library not licensed to copy$c0$e01-jan-2014$hC$iCFP Excluded$5Uk
=CFI  2\$aBritish Library not licensed to copy$c0$e01-oct-2012$hC$iCFP Excluded$5Uk
=FIN  \\$aY
=FMT  \\$a  SE
=LAS  \\$aRESET-LEV$b50$c20231002$lBLL01$h0434
=LEO  \\$aMP35.0000109082.2
=LEO  \\$aMP35.0000109082
=LEO  \\$aMP10.0000237253
=LEO  \\$aMP3.0000000139
=LEO  \\$aMP22.0000004932
=SRC  \\$aNPLv17$bbibmp35.20070831.aa
=SRC  \\$aDSS01$bbibmp10.200404.2.aa
=SRC  \\$aBNB02$bbibmp3.200404.2.aa
=SRC  \\$aISN01$bbibmp22.200404.2.aa
=TCO  \\$aCLA$bCLA$c008

