=LDR  04314cas a22010337a 4500
=001  012391367
=003  Uk
=005  20230209142111.0
=006  aac\\|||||||||||||
=007  ta
=008  960126c19959999ch\qr\p\\\\\\\0\\\a0eng\\
=019  c\$a2546742
=019  1\$abld0041882
=022  0\$a2070-3449$y1011-2006
=040  \\$aUk$cUk$dUk
=222  \0$aChina perspectives$b(Print)
=245  00$aChina perspectives.
=260  \\$aHong Kong (18/F Oriental Crystal Building, 46 Lyndhurst Terrace, Hong Kong) :$bC.E.F.C.,$c1995-
=300  \\$av. :$bill., ports. ;$c29cm.
=310  \\$aQuarterly,$b2007-
=321  \\$aBimonthly,$b1995-2006
=336  \\$atext$2rdacontent
=337  \\$aunmediated$2rdamedia
=338  \\$avolume$2rdacarrier
=362  0\$aNo.1 (Sept./Oct. 1995)-
=540  \\$aCurrent Copyright Fee: GBP25.00$c0$5Uk
=588  \\$aLatest issue consulted: no. 2015/1 = issue 101.
=595  \\$aSEE ALSO CARD INDEX.
=653  1\$aPolitics
=653  1\$aChina
=710  2\$aCentre d'études et d'information sur la Chine (Hong Kong)
=852  41$aBritish Library$bHMNTS$jZA.9.b.1568$3No.1 (Sept./Oct. 1995), no. 2(1995:Nov/Dec.)
=852  41$aBritish Library$bDSC$j3180.217300$3No. 15 (1998)-(2022)
=945  \\$aChina perspectives
=957  \\$a960103d
=959  \\$fHeld but not currently received
=985  \\$aISSN UK: Scan of sample issue from DSC stock sent to IC to enable completion of ISSN record (Richard (Leeds), 18/05/15)
=ACF  \\$aPrevious copyright fee: GBP9.00$c0$e01-apr-2010$fGBP9.00$g0$hA$5Uk
=ACF  \\$aPrevious copyright fee: GBP6.00$c0$e01-apr-2008$fGBP6.00$g0$hA$5Uk
=ACF  \\$aPrevious copyright fee: GBP5.00$c0$e01-jul-2002$fGBP5.00$g0$hA$5Uk
=ACF  \\$aCurrent copyright fee: GBP2.50$c0$e11-nov-1999$fGBP2.50$g0$hC$5Uk
=ACF  \\$aCurrent copyright fee: GBP4.40$c0$e01-jul-1998$fGBP4.40$g0$hA$5Uk
=ACF  \\$aPrevious copyright fee: GBP10.50$c0$e01-jan-2011$fGBP10.50$g0$hA$5Uk
=ACF  \\$aPrevious copyright fee: GBP12.00$c0$e01-jan-2012$fGBP12.00$g0$hA$5Uk
=ACF  \\$aPrevious Copyright Fee: GBP12.30$c0$e01-jan-2014$fGBP12.30$g0$hA$5Uk
=ACF  \\$aPrevious Copyright Fee: GBP15.00$c0$e01-jan-2017$fGBP15.00$g0$hA$5Uk
=ACF  \\$aPrevious Copyright Fee: GBP17.50$c0$e01-jan-2018$fGBP17.50$g0$hA$5Uk
=ACF  \\$aPrevious Copyright Fee: GBP20.00$c0$e01-jan-2020$fGBP20.00$g0$hA$5Uk
=CAT  \\$aCONV$b00$c20040425$lBLL90$h0701
=CAT  \\$aIPL-CLA$c20101231$lBLL01$h1453
=CAT  \\$aWR11_203$c20111204$lBLL01$h1455
=CAT  \\$aIPL-CLA$c20111230$lBLL01$h1958
=CAT  \\$aBATCH-UPD$b00$c20120614$lBLL01$h2140
=CAT  \\$aBATCH-CLA$b00$c20121109$lBLL01$h1740
=CAT  \\$aWR13.005$c20130323$lBLL01$h1451
=CAT  \\$aBATCH-CLA$c20131220$lBLL01$h2004
=CAT  \\$aIPL-CLA$c20131231$lBLL01$h2304
=CAT  \\$aBATCH-UPD$b00$c20140930$lBLL01$h1328
=CAT  \\$a10806$b40$c20150514$lBLL01$h1332
=CAT  \\$a10806$b40$c20150514$lBLL01$h1354
=CAT  \\$a10806$b40$c20150518$lBLL01$h1529
=CAT  \\$aBATCH-CLA$b00$c20161222$lBLL01$h1756
=CAT  \\$aIPL-CLA$c20161230$lBLL01$h2059
=CAT  \\$aBATCH-CLA$b00$c20171222$lBLL01$h2115
=CAT  \\$aIPL-CLA$c20171231$lBLL01$h1612
=CAT  \\$aBATCH-CLA$b00$c20191219$lBLL01$h1724
=CAT  \\$aIPL-CLA$c20191231$lBLL01$h1913
=CAT  \\$aR2001-1524$c20200127$lBLL01$h1958
=CAT  \\$a11385$b40$c20201105$lBLL01$h0919
=CAT  \\$aBATCH-CLA$b00$c20201204$lBLL01$h1524
=CAT  \\$aIPL-CLA$c20201231$lBLL01$h1527
=CAT  \\$aBATCH-CLA$b00$c20221221$lBLL01$h1831
=CAT  \\$aIPL-CLA$c20221231$lBLL01$h1443
=CAT  \\$a11385$b40$c20230125$lBLL01$h1411
=CAT  \\$a5410$b40$c20230208$lBLL01$h1111
=CAT  \\$a5410$b40$c20230208$lBLL01$h1112
=CAT  \\$a5410$b40$c20230209$lBLL01$h1421
=CAT  \\$a5410$b40$c20230209$lBLL01$h1421
=CFI  0\$aCurrent Copyright Fee: GBP25.00$c0$e01-jan-2023$fGBP25.00$g0$hA$5Uk
=CFI  2\$aPrevious Copyright Fee: GBP22.50$c0$e01-jan-2021$fGBP22.50$g0$hA$5Uk
=FIN  \\$aY
=FMT  \\$a  SE
=LAS  \\$a5410$b40$c20230209$lBLL01$h1421
=LEO  \\$aMP13.0000173739
=LEO  \\$aMP10.0000143551
=SRC  \\$aHSS01$bbibmp13.200404.2.aa
=SRC  \\$aDSS01$bbibmp10.200404.2.aa
=TCO  \\$aHKG$bHKRRLS$c008
=TOC  \\$aETOC

