=LDR  03953 as a2200985 a 4500
=001  012391797
=003  Uk
=005  20190115104133.0
=007  ta
=008  040409d19512000cc\bx\p\\\\\\\0\\\a0eng\\
=019  c\$a2049793
=019  x\$a2542550174
=022  \\$a0009-4617$y1000-9132
=040  \\$aUk$cUk$dUk
=041  0\$aeng$achi
=082  0\$a951.005$219
=210  0\$aChin. lit.$b(Beijing)
=222  \0$aChinese literature$b(Beijing)
=245  00$aChinese literature.
=246  10$aZhongguo wen xue
=260  \\$a[Peking,$bForeign Languages Press, etc.]
=300  \\$av.$bill. (part col.)$c26 cm.
=310  \\$a6 no. a year,$b2000
=321  \\$aFrequency varies, 1951-1999
=336  \\$atext$2rdacontent
=337  \\$aunmediated$2rdamedia
=338  \\$avolume$2rdacarrier
=362  0\$aautumn 1951-2000, 6; 1951-Nov./Dec. 2000.
=515  \\$aIssues for <spring 1993>-2000, 6 called also <v. 363>-v. 396.
=525  \\$aIncludes supplements.
=540  \\$aBritish Library not licensed to copy$c0$5Uk
=546  \\$aEnglish and Chinese, 2000.
=580  \\$aVols. for 1993-1996 issued also in Chinese: Zhongguo wen xue.
=595  \\$aSEE ALSO CARD INDEX.
=650  \0$aChinese literature$vPeriodicals.
=650  \0$aCommunism$zChina$vPeriodicals.
=775  0\$tZhongguo wen xue$g1993-
=852  41$aBritish Library$bDSC$j3180.770000$3No. 1 (1951)-Winter (1995)***UKRR Retained Title***Stock Incomplete
=852  41$aBritish Library$bHMNTS$jP.P.3804.agb.$3(1954)-pt. 3 (1993)***UKRR Retained Title
=945  \\$aChinese literature -Peking-.
=959  \\$fHeld but not currently received
=963  \\$a1954- 1993 *A=1$bY$cL840.C.13
=985  \\$aRecord merged by DQ team
=985  \\$aISSN UK: This title is due to relaunch in 2019 - see correspondence in ISSN UK Centre email account. Also see Richard (Leeds) for further info. (Richard, 15/01/19)
=A02  \\$a2049793
=ACF  \\$aPrevious copyright fee: GBP9.00$c0$e01-apr-2010$fGBP9.00$g0$hA$5Uk
=ACF  \\$aPrevious copyright fee: GBP6.00$c0$e01-apr-2008$fGBP6.00$g0$hA$5Uk
=ACF  \\$aPrevious copyright fee: GBP5.00$c0$e01-jul-2002$fGBP5.00$g0$hA$5Uk
=ACF  \\$aCurrent copyright fee: GBP4.40$c0$e01-jul-1998$fGBP4.40$g0$hA$5Uk
=ACF  \\$aCurrent copyright fee: GBP4.20$c0$e01-apr-1997$fGBP4.20$g0$hA$5Uk
=CAT  \\$aCONV$b00$c20040425$lBLL90$h0701
=CAT  \\$c20041010$lBLL01$h2013
=CAT  \\$aBATCH-UPD$b00$c20080223$lBLL01$h2237
=CAT  \\$aBATCH-UPD$b00$c20080226$lBLL01$h0158
=CAT  \\$aBATCH-UPD$b00$c20080330$lBLL01$h0723
=CAT  \\$aBATCH-UPD$b00$c20080330$lBLL01$h1527
=CAT  \\$aBATCH$b00$c20080330$lBLL01$h2233
=CAT  \\$a8456$b40$c20080909$lBLL01$h1025
=CAT  \\$aBATCH$b00$c20091210$lBLL01$h2312
=CAT  \\$aBATCH$b00$c20091214$lBLL01$h0835
=CAT  \\$aBATCH$b00$c20091216$lBLL01$h0211
=CAT  \\$aBATCH-UPD$b00$c20100226$lBLL01$h0122
=CAT  \\$aBATCH-UPD$b00$c20100331$lBLL01$h2316
=CAT  \\$aBATCH-UPD$b00$c20100401$lBLL01$h0238
=CAT  \\$aBATCH$b00$c20100401$lBLL01$h0541
=CAT  \\$aBATCH$b00$c20100401$lBLL01$h1612
=CAT  \\$aBATCH-UPD$b00$c20101124$lBLL01$h1932
=CAT  \\$aBATCH-UPD$b00$c20101125$lBLL01$h1200
=CAT  \\$aIPL-CLA$c20101231$lBLL01$h1453
=CAT  \\$aBATCH-UPD$b00$c20110907$lBLL01$h1822
=CAT  \\$aIPL-CLA$c20110908$lBLL01$h1737
=CAT  \\$aWR11_155$c20120104$lBLL01$h1853
=CAT  \\$aWR11_155$c20120104$lBLL01$h1901
=CAT  \\$aBATCH-CLA$b00$c20121109$lBLL01$h1740
=CAT  \\$aWR13.005$c20130323$lBLL01$h1451
=CAT  \\$a10806$b40$c20190115$lBLL01$h1041
=CFI  2\$aPrevious copyright fee: GBP10.50$c0$e01-jan-2011$fGBP10.50$g0$hA$5Uk
=FIN  \\$aY
=FMT  \\$a  SE
=LAS  \\$a10806$b40$c20190115$lBLL01$h1041
=LEO  \\$aMP1.0003050033
=LEO  \\$aMP10.0000144122
=SRC  \\$aBLS01$bbibmp1.200404.2.ad
=SRC  \\$aDSS01$bbibmp10.200404.2.aa
=TCO  \\$aZZZ$c008

