=LDR  05663cas a22012137a 4500
=001  012392648
=003  Uk
=005  20220930142608.0
=008  770720c19739999wauqr1p\\\bo\\0\\\a0eng\d
=010  \\$a77647820
=019  c\$a2050020
=022  0\$a0148-3331
=032  \\$a009274$bUSPS
=035  \\$a(OCoLC)ocm03128374
=040  \\$aCU-UC$cCU-UC$dDLC$dAIP$dNSDP$dInU$dNST$dOCoLC$dNST$dNSDP$dNST$dNSDP$dMH$dInU$dOCoLC$dUk
=042  \\$alc$ansdp
=050  00$aPN49$b.C49
=082  04$a809.933823$223
=210  0\$aChrist. lit.
=222  \0$aChristianity & literature
=245  00$aChristianity & literature.
=246  13$aChristianity and literature
=260  \\$aSeattle, WA [etc.] :$bSeattle Pacific University [etc.]
=264  31$a[London] :$bSAGE Publications
=300  \\$av. ;$c22 cm.
=310  \\$aQuarterly
=336  \\$atext$2rdacontent
=337  \\$aunmediated$2rdamedia
=338  \\$avolume$2rdacarrier
=362  0\$av. 22, no. 2- winter 1973-
=540  \\$aCurrent copyright fee: GBP32.82$c19\0$5Uk
=555  \\$aIndex to bibliography and book reviews: Vols. 26-27, 1976-78, in v. 28, no. 1.
=588  \\$aLatest issue consulted: Volume 68, issue 4 (September 2019).
=595  \\$aFORMERLY 6107.1694 CHANGE BETWEEN VOL. 18(2), 1969 AND 28(2), 1979 SEE ALSO CARD INDEX.
=650  \0$aChristianity and literature$vPeriodicals.
=710  2\$aConference on Christianity and Literature (U.S.)
=776  08$iAlso issued online as:$tChristianity and literature$x2056-5666
=780  00$tNewsletter of the Conference on Christianity and Literature
=852  41$aBritish Library$bDSC$j3181.954000$3VOL. 28(2), 1979-
=856  \\$31850-9999$uhttp://www.uk.sagepub.com$xBLDSS
=945  \\$aCHRISTIANITY AND LITERATURE.
=959  \\$fCurrently received
=985  \\$aRecord merged by SUNCAT team
=985  \\$aISSN UK Centre note: last SAGE issue will be vol. 68, issue 4 (Sept 2019). Publisher will then be John Hopkins Univ. Press, United States. ISSN UK, 15.08.2019.
=ACF  \\$aBritish Library not licensed to copy$c0$e27-nov-2009$hC$iCLA Excluded$5Uk
=ACF  \\$aPrevious copyright fee: GBP1.88$c5168\0$e06-mar-2003$fGBP1.88$g0$hP$5Uk
=ACF  \\$aCurrent copyright fee: GBP5.00$c0$e01-jul-2002$fGBP5.00$g0$hA$5Uk
=ACF  \\$aCurrent copyright fee: GBP2.50$c0$e01-jul-1998$fGBP2.50$g0$hC$5Uk
=ACF  \\$aPrevious copyright fee: GBP10.50$c0$e01-jan-2011$fGBP10.50$g0$hA$5Uk
=ACF  \\$aBritish Library not licensed to copy$c0$e01-jan-2014$hC$iCFP Excluded$5Uk
=ACF  \\$aBritish Library not licensed to copy$c0$e07-sep-2011$hC$iTX$5Uk
=ACF  \\$aPrevious Copyright Fee: GBP19.35$c19\0$e16-apr-2015$fGBP19.35$g0$hP$5Uk
=ACF  \\$aPrevious copyright fee: GBP20.00$c19\0$e01-jul-2015$fGBP20.00$g0$hP$5Uk
=ACF  \\$aPrevious copyright fee: GBP19.35$c19\0$e01-oct-2015$fGBP19.35$g0$hP$5Uk
=ACF  \\$aPrevious copyright fee: GBP24.83$c19\0$e01-apr-2016$fGBP24.83$g0$hP$5Uk
=ACF  \\$aPrevious copyright fee: GBP26.67$c19\0$e01-oct-2016$fGBP26.67$g0$hP$5Uk
=ACF  \\$aPrevious copyright fee: GBP28.80$c19\0$e01-apr-2017$fGBP28.80$g0$hP$5Uk
=ACF  \\$aPrevious copyright fee: GBP27.69$c19\0$e01-oct-2017$fGBP27.69$g0$hP$5Uk
=ACF  \\$aPrevious copyright fee: GBP25.71$c19\0$e01-apr-2018$fGBP25.71$g0$hP$5Uk
=ACF  \\$aPrevious copyright fee: GBP27.69$c19\0$e01-oct-2018$fGBP27.69$g0$hP$5Uk
=ACF  \\$aPrevious copyright fee: GBP29.08$c19\0$e01-jul-2019$fGBP29.08$g0$hP$5Uk
=ACF  \\$aPrevious copyright fee: GBP30.24$c19\0$e01-oct-2019$fGBP30.24$g0$hP$5Uk
=ACF  \\$aPrevious copyright fee: GBP30.29$c19\0$e01-apr-2020$fGBP30.29$g0$hP$5Uk
=ACF  \\$aPrevious copyright fee: GBP31.50$c19\0$e01-jul-2020$fGBP31.50$g0$hP$5Uk
=ACF  \\$aPrevious copyright fee: GBP29.17$c19\0$e01-apr-2021$fGBP29.17$g0$hP$5Uk
=ACF  \\$aPrevious copyright fee: GBP28.13$c19\0$e07-jul-2021$fGBP28.13$g0$hP$5Uk
=CAT  \\$aCONV$b00$c20040425$lBLL90$h0701
=CAT  \\$aIPL-CLA$c20170929$lBLL01$h1724
=CAT  \\$aBATCH-UPD$b00$c20180223$lBLL01$h1650
=CAT  \\$aIPL-CLA$c20180331$lBLL01$h1614
=CAT  \\$aBATCH-UPD$b00$c20180823$lBLL01$h1934
=CAT  \\$aIPL-CLA$c20180930$lBLL01$h1500
=CAT  \\$aBATCH-UPD$b00$c20190521$lBLL01$h1406
=CAT  \\$aIPL-CLA$c20190630$lBLL01$h1531
=CAT  \\$a11313$b40$c20190815$lBLL01$h1303
=CAT  \\$a11313$b40$c20190815$lBLL01$h1318
=CAT  \\$a11313$b40$c20190815$lBLL01$h1320
=CAT  \\$aBATCH-UPD$b40$c20190829$lBLL01$h1515
=CAT  \\$a11313$b40$c20190913$lBLL01$h1311
=CAT  \\$aIPL-CLA$c20190930$lBLL01$h1635
=CAT  \\$aBATCH-UPD$b00$c20200219$lBLL01$h1508
=CAT  \\$aIPL-CLA$c20200331$lBLL01$h1611
=CAT  \\$aBATCH-UPD$b00$c20200522$lBLL01$h1446
=CAT  \\$aIPL-CLA$c20200701$lBLL01$h0052
=CAT  \\$aBATCH-UPD$b00$c20210226$lBLL01$h1027
=CAT  \\$aIPL-CLA$c20210331$lBLL01$h1659
=CAT  \\$aBATCH-UPD$b00$c20210707$lBLL01$h1551
=CAT  \\$aIPL-CLA$c20210707$lBLL01$h1843
=CAT  \\$aBATCH-UPD$b00$c20220520$lBLL01$h1638
=CAT  \\$aIPL-CLA$c20220630$lBLL01$h1536
=CAT  \\$aBATCH-UPD$b00$c20220824$lBLL01$h0904
=CAT  \\$aIPL-CLA$c20220930$lBLL01$h1426
=CFI  0\$aCurrent copyright fee: GBP32.82$c19\0$e01-oct-2022$fGBP32.82$g0$hP$5Uk
=CFI  2\$aPrevious copyright fee: GBP31.50$c19\0$e01-jul-2022$fGBP31.50$g0$hP$5Uk
=FFP  \\$aY$bBLDSS-3PM
=FIN  \\$aY
=FMT  \\$a  SE
=LAS  \\$aIPL-CLA$b00$c20220930$lBLL01$h1426
=LEO  \\$aMP10.0000145261
=SID  \\$aZ39$bLOC
=SRC  \\$aDSS01$bbibmp10.200404.2.aa
=TCO  \\$aTRS$bCCC$c008
=TOC  \\$aETOC
=UNO  \\$aY

