=LDR  04583cas a2201153 a 4500
=001  012396403
=003  Uk
=005  20211231154117.0
=006  aac\\|||||||||||||
=007  ta
=008  010305d20012007enkbr\p\\\\\\\0\\\a0eng\\
=015  \\$aGBA111771$2bnb
=019  y\$abA111771
=019  9\$abA111771
=019  0\$as664826008
=019  c\$a2598786
=022  0\$a1566-2772$z1473-6470
=039  0\$a2630
=040  \\$aUk$beng$cUk$dUk
=042  \\$aukblsr
=082  04$a616.8$221
=084  \\$aGV 00$2blsrissc
=210  0\$aClin. neurosci. res.
=222  \0$aClinical neuroscience research
=245  00$aClinical neuroscience research.
=260  \\$aKidlington :$bElsevier Science Ltd.,$c2001-2007.
=300  \\$av. :$bill. (some col.), ports. ;$c28 cm.
=310  \\$aBimonthly
=321  \\$aQuarterly
=336  \\$atext$2rdacontent
=337  \\$aunmediated$2rdamedia
=338  \\$avolume$2rdacarrier
=362  0\$aVol. 1, nos. 1-2, 1-172 (Jan. 2001)-v. 6, no. 6 (2007).
=540  \\$aCurrent copyright fee: GBP34.30$c5\1$5Uk
=595  \\$aSEE ALSO CARD INDEX.
=650  \0$aNeuropsychiatry$vPeriodicals.
=650  \0$aClinical neuropsychology$vPeriodicals.
=650  \0$aNervous system$xDiseases$vPeriodicals.
=710  2\$aAssociation for Research in Nervous and Mental Disease.
=776  08$iAlso issued online as:$tClinical neuroscience research$x1873-779X
=852  41$aBritish Library$bDSC$j3286.310950$3Volume 1 (2001)-Volume 6, Number 6 (2007)
=852  71$aBritish Library$bSTI$k(P)$hGV 00$m-E(51)$2blsrissc$3Vol.1 (2001)-vol. 6, no. 6 (2007)
=856  \\$31850-9999$uhttp://www.elsevier.com/journals$xBLDSS
=945  \\$aCLINICAL NEUROSCIENCE RESEARCH.
=959  \\$fHeld but not currently received
=985  \\$aISSN 1473-6470 cancelled 4.1.05. Double assignment with Netherlands ISSN.
=985  \\$aRecord merged by SUNCAT team
=ACF  \\$aPrevious copyright fee: GBP19.00$c5\1$e01-jan-2008$fGBP19.00$g0$hP$5Uk
=ACF  \\$aPrevious copyright fee: GBP18.00$c5\1$e01-apr-2004$fGBP18.00$g0$hP$5Uk
=ACF  \\$aCurrent copyright fee: GBP20.00$c5\1$e01-jan-2003$fGBP20.00$g0$hP$5Uk
=ACF  \\$aCurrent copyright fee: GBP15.00$c5\1$e01-jul-2002$fGBP15.00$g0$hP$5Uk
=ACF  \\$aPrevious copyright fee: GBP20.00$c5\1$e01-jan-2009$fGBP20.00$g0$hP$5Uk
=ACF  \\$aPrevious copyright fee: GBP21.00$c5\1$e01-jan-2012$fGBP21.00$g0$hP$5Uk
=ACF  \\$aPrevious copyright fee: GBP22.50$c5\1$e01-jan-2013$fGBP22.50$g0$hP$5Uk
=ACF  \\$aPrevious copyright fee: GBP23.40$c5\1$e01-jan-2018$fGBP23.40$g0$hP$5Uk
=CAT  \\$aCONV$b00$c20040425$lBLL90$h0701
=CAT  \\$aBATCH-UPD$b40$c20081119$lBLL01$h1559
=CAT  \\$aBATCH-UPD$b40$c20081231$lBLL01$h2307
=CAT  \\$aBATCH-UPD$b40$c20090101$lBLL01$h0042
=CAT  \\$aBATCH$b00$c20090101$lBLL01$h0217
=CAT  \\$a7792$b40$c20090205$lBLL01$h1418
=CAT  \\$a7792$b40$c20090205$lBLL01$h1419
=CAT  \\$aBATCH$b00$c20091210$lBLL01$h2314
=CAT  \\$aBATCH-UPD$b00$c20111123$lBLL01$h1852
=CAT  \\$aIPL-CLA$c20111230$lBLL01$h2000
=CAT  \\$aBATCH-CLA$b00$c20121109$lBLL01$h1739
=CAT  \\$aBATCH-UPD$b00$c20121121$lBLL01$h1655
=CAT  \\$aIPL-CLA$c20121231$lBLL01$h1307
=CAT  \\$aIPL-CLA$c20130102$lBLL01$h1722
=CAT  \\$aWR13.005$c20130323$lBLL01$h1453
=CAT  \\$aWR14_140$c20140905$lBLL01$h1759
=CAT  \\$aBLDSS-3PM$b00$c20141222$lBLL01$h1712
=CAT  \\$aBATCH-UPD$b00$c20160413$lBLL01$h1815
=CAT  \\$a11205$b40$c20160920$lBLL01$h1703
=CAT  \\$a11205$b40$c20160920$lBLL01$h1704
=CAT  \\$aBATCH-UPD$b40$c20171121$lBLL01$h1742
=CAT  \\$aIPL-CLA$c20171231$lBLL01$h1613
=CAT  \\$aBATCH-UPD$b00$c20190521$lBLL01$h1434
=CAT  \\$aIPL-CLA$c20190630$lBLL01$h1531
=CAT  \\$aBATCH-UPD$b00$c20211119$lBLL01$h1552
=CAT  \\$aIPL-CLA$c20211231$lBLL01$h1541
=CFI  0\$aCurrent copyright fee: GBP34.30$c5\1$e01-jan-2022$fGBP34.30$g0$hP$5Uk
=CFI  2\$aPrevious copyright fee: GBP32.84$c5\1$e01-jul-2019$fGBP32.84$g0$hP$5Uk
=EST  \\$a2
=FFP  \\$aY$bBLDSS-3PM
=FIN  \\$aY
=FMT  \\$a  SE
=LAS  \\$aIPL-CLA$b00$c20211231$lBLL01$h1541
=LEO  \\$aMP5.0001462611
=LEO  \\$aMP22.0000066492
=LEO  \\$aMP25.0000346002
=LEO  \\$aMP10.0000150467
=LET  \0$aClinical neuroscience research (Print)
=SRC  \\$aBNB03$bbibmp5.200404.2.ac
=SRC  \\$aISN01$bbibmp22.200404.2.aa
=SRC  \\$aSRI01$bbibmp25.200404.2.aa
=SRC  \\$aDSS01$bbibmp10.200404.2.aa
=TCO  \\$aCLA$bCLA$c008
=TOC  \\$aETOC

