=LDR  04860cas a2201033 a 4500
=001  012403505
=003  Uk
=005  20221231204247.0
=008  040409d19852013ie\mr\p\\\\\\\0\\\a0eng\\
=015  \\$aGBA524168$2bnb
=019  c\$a2380886
=022  0\$a0790-7281$y0332-0197
=040  \\$aUk$beng$cUk$dUk
=042  \\$aukblsr
=082  04$a650.0285$222
=130  0\$aComputerScope (Dublin, Ireland)
=222  \0$aComputerScope$b(Dublin)
=245  10$aComputerScope :$bdefining technology for business.
=246  3\$aComputer scope
=260  \\$aDublin :$bComputerScope,$c1985-[2013]
=300  \\$av. :$bcol. ill., ports. (some col.) ;$c41 cm.
=310  \\$aMonthly
=336  \\$atext$2rdacontent
=337  \\$aunmediated$2rdamedia
=338  \\$avolume$2rdacarrier
=362  1\$aCeased with December 2013 issue.
=500  \\$aDescription based on: 2003/06.
=515  \\$aFrom Feb. 2011: Irish computer retains separate numbering inside the cover, i.e. vol. 34, no. 2 (Feb. 2011) = Feb. 2011 of ComputerScope. Numbering on title page/front cover mirrors ComputerScope.
=540  \\$aCurrent Copyright Fee: GBP25.00$c0$5Uk
=580  \\$aFrom Feb. 2011, for trade readers, ComputerScope is bound with: Irish computer. IT professionals in end-user organisations continue to receive ComputerScope only.
=588  \\$aLatest issue consulted: Feb. 2011.
=650  \0$aComputers$vPeriodicals.
=650  \0$aBusiness$xData processing$vPeriodicals.
=650  \0$aElectronic data processing$vPeriodicals.
=730  0\$aIrish computer$x0332-0197.
=777  18$tIrish computer$x0332-0197
=785  00$tTechPro (Dublin, Ireland)
=852  41$aBritish Library$bHMNTS$jZK.9.d.2893
=945  \\$aComputerscope -Dublin-.
=963  \\$aVOL. 3(10), 1988 *A=1; 6(9), 1991 *A=1$bN$cL999.B.1.2253
=979  \\$aBritish Library$bDSC$j3394.942000N
=985  \\$aISSN for Irish computer being printed in Computerscope from feb. 11 in combined edition. Combined edition (where Irish Computer is stapled round ComputerScope, leaving both titles visible) is sent to one group of readers, while a second group receives ComputerScope only. Publisher is sending us the combined edition.
=A02  \\$a2380886
=ACF  \\$aPrevious copyright fee: GBP9.00$c0$e01-apr-2010$fGBP9.00$g0$hA$5Uk
=ACF  \\$aPrevious copyright fee: GBP6.00$c0$e01-apr-2008$fGBP6.00$g0$hA$5Uk
=ACF  \\$aPrevious copyright fee: GBP5.00$c0$e01-jul-2002$fGBP5.00$g0$hA$5Uk
=ACF  \\$aCurrent copyright fee: GBP4.40$c0$e01-jul-1998$fGBP4.40$g0$hA$5Uk
=ACF  \\$aCurrent copyright fee: GBP4.20$c0$e01-apr-1997$fGBP4.20$g0$hA$5Uk
=ACF  \\$aPrevious copyright fee: GBP10.50$c0$e01-jan-2011$fGBP10.50$g0$hA$5Uk
=ACF  \\$aPrevious copyright fee: GBP12.00$c0$e01-jan-2012$fGBP12.00$g0$hA$5Uk
=ACF  \\$aPrevious Copyright Fee: GBP12.30$c0$e01-jan-2014$fGBP12.30$g0$hA$5Uk
=ACF  \\$aPrevious Copyright Fee: GBP15.00$c0$e01-jan-2017$fGBP15.00$g0$hA$5Uk
=ACF  \\$aPrevious Copyright Fee: GBP17.50$c0$e01-jan-2018$fGBP17.50$g0$hA$5Uk
=ACF  \\$aPrevious Copyright Fee: GBP20.00$c0$e01-jan-2020$fGBP20.00$g0$hA$5Uk
=CAT  \\$aCONV$b00$c20040425$lBLL90$h0701
=CAT  \\$aBATCH-UPD$b00$c20101125$lBLL01$h1203
=CAT  \\$aIPL-CLA$c20101231$lBLL01$h1457
=CAT  \\$a8124$b40$c20111005$lBLL01$h1544
=CAT  \\$a8124$b40$c20111006$lBLL01$h0932
=CAT  \\$a8124$b40$c20111006$lBLL01$h0933
=CAT  \\$a8124$b40$c20111006$lBLL01$h0935
=CAT  \\$aWR11_203$c20111204$lBLL01$h1458
=CAT  \\$aIPL-CLA$c20111230$lBLL01$h2003
=CAT  \\$aBATCH-CLA$b00$c20121109$lBLL01$h1738
=CAT  \\$aWR13.005$c20130323$lBLL01$h1457
=CAT  \\$aBATCH-CLA$c20131220$lBLL01$h2010
=CAT  \\$aIPL-CLA$c20131231$lBLL01$h2311
=CAT  \\$a11205$b40$c20140224$lBLL01$h1706
=CAT  \\$aWR14_140$c20140905$lBLL01$h1759
=CAT  \\$aBATCH-CLA$b00$c20161222$lBLL01$h1757
=CAT  \\$aIPL-CLA$c20161230$lBLL01$h2103
=CAT  \\$aBATCH-CLA$b00$c20171222$lBLL01$h2116
=CAT  \\$aIPL-CLA$c20171231$lBLL01$h1615
=CAT  \\$aBATCH-CLA$b00$c20191219$lBLL01$h1725
=CAT  \\$aIPL-CLA$c20191231$lBLL01$h1916
=CAT  \\$aR2001-1524$c20200127$lBLL01$h1959
=CAT  \\$aBATCH-CLA$b00$c20201204$lBLL01$h1525
=CAT  \\$aIPL-CLA$c20201231$lBLL01$h2138
=CAT  \\$aBATCH-CLA$b00$c20221221$lBLL01$h1833
=CAT  \\$aIPL-CLA$c20221231$lBLL01$h2042
=CFI  0\$aCurrent Copyright Fee: GBP25.00$c0$e01-jan-2023$fGBP25.00$g0$hA$5Uk
=CFI  2\$aPrevious Copyright Fee: GBP22.50$c0$e01-jan-2021$fGBP22.50$g0$hA$5Uk
=FIN  \\$aY$d20050316
=FMT  \\$a  SE
=LAS  \\$aIPL-CLA$b00$c20221231$lBLL01$h2042
=LEO  \\$aMP10.0000160574
=LKR  \\$aPAR$b010362688$lBLL01$r777$mComputerScope (Dublin)$nIrish computer
=SRC  \\$aDSS01$bbibmp10.200404.2.aa
=TCO  \\$aIRL$bICLA$c008

