=LDR  07123cas a22014057a 4500
=001  012404030
=003  Uk
=005  20220930142611.0
=007  ta
=008  931012c19939999enkqr\p\\\\\\\0\\\a0eng\\
=019  c\$a2478528
=019  0\$as593336003
=022  0\$a1063-293X
=040  \\$aUk$cUk$dUk
=082  04$a621.39$222
=084  \\$aSX 70$2blsrissc
=210  0\$aConcurr. eng. res. appl.
=222  \0$aConcurrent engineering, research and applications
=245  00$aConcurrent engineering, research, and applications.
=246  13$aCERA
=260  \\$aLondon :$bAcademic Press,$c1993-
=264  31$aLondon :$bSAGE Publications
=300  \\$c28 cm.
=310  \\$aQuarterly
=336  \\$atext$2rdacontent
=337  \\$aunmediated$2rdamedia
=338  \\$avolume$2rdacarrier
=500  \\$aOfficial journal of the Institute of Concurrent Engineering.
=540  \\$aCurrent copyright fee: GBP36.32$c19\0$5Uk
=588  \\$aLatest issue consulted: volume 22, number 2 (June 2014).
=710  2\$aInternational Society for Productivity Enhancement.$bInstitute of Concurrent Engineering.
=776  08$iAlso issued online as:$tConcurrent engineering, research and applications (Online)$x1531-2003
=852  41$aBritish Library$bDSC$j3405.628000$3Vol. 1, no. 1 (1993)-v. 20, no. 4 (2012)***UKRR Retained Title
=852  71$aBritish Library$bSTI$k(P)$hSX 70$m-E(26)$2blsrissc$3Vol.1, 1993-v. 21, no. 4 (Dec. 2013)***Title now taken as electronic copy
=856  \\$31850-9999$uhttp://www.uk.sagepub.com/home.nav$xBLDSS
=945  \\$aCONCURRENT ENGINEERING RESEARCH AND APPLICATIONS.
=957  \\$aCR
=959  \\$fHeld but not currently received
=963  \\$aCA/U-2 VOL. 1, 1993- *A=1$bN
=985  \\$aCorrected by MS generated file for WR# 12.018
=985  \\$aRecord merged by DQ team
=985  \\$aISSN transfer from U.S. to UK pending (Richard, 26/06/20)
=ACF  \\$aPrevious Copyright Fee: GBP23.00$c0$e01-jul-2012$fGBP23.00$g0$hC$5Uk
=ACF  \\$aPrevious Copyright Fee: GBP23.00$c0$e01-apr-2012$fGBP23.00$g0$hC$5Uk
=ACF  \\$aPrevious Copyright Fee: GBP23.00$c0$e01-jan-2012$fGBP23.00$g0$hC$5Uk
=ACF  \\$aPrevious Copyright Fee: GBP22.00$c0$e01-oct-2011$fGBP22.00$g0$hC$5Uk
=ACF  \\$aPrevious Copyright Fee: GBP22.00$c0$e01-jul-2011$fGBP22.00$g0$hC$5Uk
=ACF  \\$aPrevious Copyright Fee: GBP22.00$c0$e01-apr-2011$fGBP22.00$g0$hC$5Uk
=ACF  \\$aPrevious Copyright Fee: GBP22.00$c0$e01-jan-2011$fGBP22.00$g0$hC$5Uk
=ACF  \\$aPrevious Copyright Fee: GBP22.00$c0$e01-oct-2010$fGBP22.00$g0$hC$5Uk
=ACF  \\$aPrevious Copyright Fee: GBP22.00$c0$e01-jul-2010$fGBP22.00$g0$hC$5Uk
=ACF  \\$aPrevious Copyright Fee: GBP22.00$c0$e01-apr-2010$fGBP22.00$g0$hC$5Uk
=ACF  \\$aPrevious copyright fee: GBP22.00$c0$e01-jan-2010$fGBP22.00$g0$hC$5Uk
=ACF  \\$aPrevious copyright fee: GBP20.50$c19\0$e01-jan-2009$fGBP20.50$g0$hP$5Uk
=ACF  \\$aPrevious copyright fee: GBP20.00$c19\0$e01-jan-2006$fGBP20.00$g0$hP$5Uk
=ACF  \\$aPrevious copyright fee: GBP18.50$c19\0$e01-jan-2005$fGBP18.50$g0$hP$5Uk
=ACF  \\$aPrevious copyright fee: GBP15.00$c19\0$e12-aug-2003$fGBP15.00$g0$hP$5Uk
=ACF  \\$aCurrent copyright fee: GBP12.50$c19\0$e01-jan-2002$fGBP12.50$g0$hP$5Uk
=ACF  \\$aCurrent copyright fee: GBP24.60 British Library not licensed to FAX$c0$e01-jul-2001$fGBP24.60$g0$hC$iFAX is CLA-excluded$5Uk
=ACF  \\$aPrevious Copyright Fee: GBP23.00$c0$e01-oct-2012$fGBP23.00$g0$hC$5Uk
=ACF  \\$aPrevious copyright fee: GBP19.39$c19\0$e04-oct-2012$fGBP19.39$g0$hP$5Uk
=ACF  \\$aPrevious copyright fee: GBP20.00$c19\0$e01-jan-2013$fGBP20.00$g0$hP$5Uk
=ACF  \\$aPrevious copyright fee: GBP20.64$c19\0$e01-jul-2013$fGBP20.64$g0$hP$5Uk
=ACF  \\$aPrevious copyright fee: GBP20.00$c19\0$e01-jan-2014$fGBP20.00$g0$hP$5Uk
=ACF  \\$aPrevious copyright fee: GBP19.39$c19\0$e01-jul-2014$fGBP19.39$g0$hP$5Uk
=ACF  \\$aPrevious copyright fee: GBP20.65$c19\0$e01-apr-2015$fGBP20.65$g0$hP$5Uk
=ACF  \\$aPrevious copyright fee: GBP21.33$c19\0$e01-jul-2015$fGBP21.33$g0$hP$5Uk
=ACF  \\$aPrevious copyright fee: GBP20.65$c19\0$e01-oct-2015$fGBP20.65$g0$hP$5Uk
=ACF  \\$aPrevious copyright fee: GBP24.83$c19\0$e01-apr-2016$fGBP24.83$g0$hP$5Uk
=ACF  \\$aPrevious copyright fee: GBP26.67$c19\0$e01-oct-2016$fGBP26.67$g0$hP$5Uk
=ACF  \\$aPrevious copyright fee: GBP27.69$c19\0$e01-oct-2017$fGBP27.69$g0$hP$5Uk
=ACF  \\$aPrevious copyright fee: GBP28.80$c19\0$e01-apr-2017$fGBP28.80$g0$hP$5Uk
=ACF  \\$aPrevious copyright fee: GBP30.77$c19\0$e15-mar-2018$fGBP30.77$g0$hP$5Uk
=ACF  \\$aPrevious copyright fee: GBP28.57$c19\0$e01-apr-2018$fGBP28.57$g0$hP$5Uk
=ACF  \\$aPrevious copyright fee: GBP30.77$c19\0$e01-oct-2018$fGBP30.77$g0$hP$5Uk
=ACF  \\$aPrevious copyright fee: GBP32.31$c19\0$e01-jul-2019$fGBP32.31$g0$hP$5Uk
=ACF  \\$aPrevious copyright fee: GBP33.60$c19\0$e01-oct-2019$fGBP33.60$g0$hP$5Uk
=ACF  \\$aPrevious copyright fee: GBP33.52$c19\0$e01-apr-2020$fGBP33.52$g0$hP$5Uk
=ACF  \\$aPrevious copyright fee: GBP34.86$c19\0$e01-jul-2020$fGBP34.86$g0$hP$5Uk
=ACF  \\$aPrevious copyright fee: GBP32.28$c19\0$e01-apr-2021$fGBP32.28$g0$hP$5Uk
=ACF  \\$aPrevious copyright fee: GBP31.13$c19\0$e07-jul-2021$fGBP31.13$g0$hP$5Uk
=CAT  \\$aCONV$b00$c20040425$lBLL90$h0701
=CAT  \\$aIPL-CLA$c20170331$lBLL01$h1840
=CAT  \\$aBATCH-UPD$b00$c20170904$lBLL01$h1832
=CAT  \\$aIPL-CLA$c20170929$lBLL01$h1724
=CAT  \\$aBATCH-UPD$b00$c20180223$lBLL01$h1650
=CAT  \\$a5552$b40$c20180315$lBLL01$h1147
=CAT  \\$aIPL-CLA$c20180331$lBLL01$h1615
=CAT  \\$aBATCH-UPD$b00$c20180823$lBLL01$h1928
=CAT  \\$aIPL-CLA$c20180930$lBLL01$h1500
=CAT  \\$aBATCH-UPD$b00$c20190521$lBLL01$h1410
=CAT  \\$aIPL-CLA$c20190630$lBLL01$h1531
=CAT  \\$aBATCH-UPD$b00$c20190829$lBLL01$h1528
=CAT  \\$aIPL-CLA$c20190930$lBLL01$h1635
=CAT  \\$aBATCH-UPD$b00$c20200219$lBLL01$h1515
=CAT  \\$aIPL-CLA$c20200331$lBLL01$h1611
=CAT  \\$aBATCH-UPD$b00$c20200522$lBLL01$h1457
=CAT  \\$a10806$b40$c20200626$lBLL01$h0852
=CAT  \\$aIPL-CLA$c20200701$lBLL01$h0053
=CAT  \\$aBATCH-UPD$b00$c20210226$lBLL01$h1037
=CAT  \\$aIPL-CLA$c20210331$lBLL01$h1659
=CAT  \\$aBATCH-UPD$b00$c20210707$lBLL01$h1601
=CAT  \\$aIPL-CLA$c20210707$lBLL01$h1843
=CAT  \\$aBATCH-UPD$b00$c20220520$lBLL01$h1633
=CAT  \\$aIPL-CLA$c20220630$lBLL01$h1536
=CAT  \\$aBATCH-UPD$b00$c20220824$lBLL01$h0900
=CAT  \\$aIPL-CLA$c20220930$lBLL01$h1426
=CFI  0\$aCurrent copyright fee: GBP36.32$c19\0$e01-oct-2022$fGBP36.32$g0$hP$5Uk
=CFI  2\$aPrevious copyright fee: GBP34.86$c19\0$e01-jul-2022$fGBP34.86$g0$hP$5Uk
=FFP  \\$aY$bBLDSS-3PM
=FIN  \\$aY
=FMT  \\$a  SE
=LAS  \\$aIPL-CLA$b00$c20220930$lBLL01$h1426
=LEO  \\$aMP25.0000284542
=LEO  \\$aMP10.0000161266
=SRC  \\$aSRI01$bbibmp25.200404.2.aa
=SRC  \\$aDSS01$bbibmp10.200404.2.aa
=TCO  \\$aCLA$bCLA$c008
=TOC  \\$aETOC
=UNO  \\$aY

