=LDR  04343cas a2201021 a 4500
=001  012405934
=003  Uk
=005  20221231144400.0
=007  ta
=008  940705c19529999fr\mr\p\\\\\\\0\\\b0fre\\
=019  c\$a2055442
=019  x\$a2541830238
=022  0\$a0293-9274
=040  \\$aUk$cUk$dUk
=041  0\$afre$beng
=082  04$a700$222
=245  00$aConnaissance des arts.
=246  30$aC.A.
=246  13$aConnaissance des arts.$pPlaisir de France$f<1976- >
=246  16$aCA$f<1976- >
=260  \\$aParis :$b[s.n.],$c1952-
=300  \\$av. :$bill. ;$c32 cm.
=310  \\$aMonthly
=336  \\$atext$2rdacontent
=337  \\$aunmediated$2rdamedia
=338  \\$avolume$2rdacarrier
=540  \\$aCurrent Copyright Fee: GBP25.00$c0$5Uk
=550  \\$aIssued by the Société française de promotion artistique, Feb. 1976-
=595  \\$aFORMERLY 3417.611N SEE ALSO CARD INDEX.
=650  \0$aArt$vPeriodicals.
=710  2\$aSociété française de promotion artistique.
=780  00$tConnaisseur
=780  05$tPlaisir de France (Paris, France : 1945)$g1976$x0153-8055
=852  41$aBritish Library$bDSC$j3417.568000$3No. 203 (1969)-***UKRR Retained Title***Stock incomplete
=852  41$aBritish Library$bHMNTS$jP.P.1931.daq.$3No. 2 (Avril 1952)-
=945  \\$aCONNAISSANCE DES ARTS.
=959  \\$fCurrently received
=963  \\$aNO. 2, 1952- 38, [195?] *A=1; 50, 1956 *A=1; 227, [197?]- 271, 1974 *A=3$bY$cL400.B.216
=985  \\$aCorrected by MS generated file for WR# 12.018
=985  \\$aRecord merged by SUNCAT team
=985  \\$aCurrent valid ISSN included. Aleph record does not reflect ISSN France records as latter have carried out ISSN reassignments for minor C/Ts up until 1979. No Key title included for this reason.
=ACF  \\$aPrevious copyright fee: GBP5.00$c0$e01-jul-1998$fGBP5.00$g0$hC$5Uk
=ACF  \\$aCurrent copyright fee: GBP4.60$c0$e01-jan-1998$fGBP4.60$g0$hC$5Uk
=ACF  \\$aCurrent copyright fee: GBP2.30$c0$e01-apr-1997$fGBP2.30$g0$hC$5Uk
=ACF  \\$aPrevious copyright fee: GBP10.50$c0$e01-jan-2011$fGBP10.50$g0$hA$5Uk
=ACF  \\$aPrevious copyright fee: GBP12.00$c0$e01-jan-2012$fGBP12.00$g0$hA$5Uk
=ACF  \\$aPrevious Copyright Fee: GBP12.30$c0$e01-jan-2014$fGBP12.30$g0$hA$5Uk
=ACF  \\$aPrevious Copyright Fee: GBP15.00$c0$e01-jan-2017$fGBP15.00$g0$hA$5Uk
=ACF  \\$aPrevious Copyright Fee: GBP17.50$c0$e01-jan-2018$fGBP17.50$g0$hA$5Uk
=ACF  \\$aPrevious Copyright Fee: GBP20.00$c0$e01-jan-2020$fGBP20.00$g0$hA$5Uk
=CAT  \\$aCONV$b00$c20040425$lBLL90$h0701
=CAT  \\$a8874$b40$c20090928$lBLL01$h1056
=CAT  \\$a8874$b40$c20090928$lBLL01$h1100
=CAT  \\$a8874$b40$c20090928$lBLL01$h1107
=CAT  \\$aBATCH-UPD$b40$c20101201$lBLL01$h1246
=CAT  \\$aIPL-CLA$c20101231$lBLL01$h1458
=CAT  \\$aWR11_203$c20111204$lBLL01$h1459
=CAT  \\$aIPL-CLA$c20111230$lBLL01$h2004
=CAT  \\$aBATCH-UPD$b00$c20120614$lBLL01$h2141
=CAT  \\$aBLSS-CORR$b00$c20120724$lBLL01$h1759
=CAT  \\$aBATCH-CLA$b00$c20121109$lBLL01$h1738
=CAT  \\$aWR13.005$c20130323$lBLL01$h1458
=CAT  \\$aBATCH-CLA$c20131220$lBLL01$h2011
=CAT  \\$aIPL-CLA$c20131231$lBLL01$h2313
=CAT  \\$a8483$b40$c20160415$lBLL01$h1347
=CAT  \\$aBATCH-CLA$b00$c20161222$lBLL01$h1758
=CAT  \\$aIPL-CLA$c20161230$lBLL01$h2104
=CAT  \\$aBATCH-CLA$b00$c20171222$lBLL01$h2117
=CAT  \\$aIPL-CLA$c20171231$lBLL01$h1616
=CAT  \\$aBATCH-CLA$b00$c20191219$lBLL01$h1726
=CAT  \\$aIPL-CLA$c20191231$lBLL01$h1916
=CAT  \\$aR2001-1524$c20200127$lBLL01$h1959
=CAT  \\$aBATCH-CLA$b00$c20201204$lBLL01$h1526
=CAT  \\$aIPL-CLA$c20201231$lBLL01$h1527
=CAT  \\$aBATCH-CLA$b00$c20221221$lBLL01$h1833
=CAT  \\$aIPL-CLA$c20221231$lBLL01$h1444
=CFI  0\$aCurrent Copyright Fee: GBP25.00$c0$e01-jan-2023$fGBP25.00$g0$hA$5Uk
=CFI  2\$aPrevious Copyright Fee: GBP22.50$c0$e01-jan-2021$fGBP22.50$g0$hA$5Uk
=FIN  \\$aY
=FMT  \\$a  SE
=LAS  \\$aIPL-CLA$b00$c20221231$lBLL01$h1444
=LEO  \\$aMP1.0003047722.1
=LEO  \\$aMP10.0000164023
=LKR  \\$aPAR$b002863582$lBLL01$r78000$mConnaissance des arts.$nConnaisseur
=SRC  \\$aBLS01$bbibmp1.200404.2.ad
=SRC  \\$aDSS01$bbibmp10.200404.2.aa
=TCO  \\$aFRA$bCFC$c008
=TOC  \\$aETOC

