=LDR  03960cas a2200949 a 4500
=001  012417772
=003  Uk
=005  20211231154131.0
=007  ta
=008  040409c19869999xxuqr\p\\\\\\\0\\\a0eng\\
=019  c\$a2436028
=022  0\$a0890-8575
=040  \\$aUk$cUk$dUk
=082  04$a371.397$222
=222  \0$aNatural resource modeling
=245  00$aNatural resource modeling.
=260  \\$aTempe, Ariz. :$bRocky Mountain Mathematics Consortium,$c[1986]-
=260  3\$32008-$bBlackwell Publishing
=300  \\$av. :$bill. ;$c23 cm.
=310  \\$aQuarterly
=336  \\$atext$2rdacontent
=337  \\$aunmediated$2rdamedia
=338  \\$avolume$2rdacarrier
=362  1\$aBegan with vol. 1, no. 1 ([fall] 1986)
=540  \\$aCurrent Copyright Fee: zero$c35\0$5Uk
=595  \\$aSEE ALSO CARD INDEX.
=650  \0$aConservation of natural resources$xMathematical models$vPeriodicals.
=650  \0$aEcology$xMathematical models$vPeriodicals.
=710  2\$aRocky Mountain Mathematics Consortium.
=776  0\$tNatural resource modeling$c(Online)$x1939-7445
=852  41$aBritish Library$bHMNTS$jDZK.9.x.751$3Vol. 21, no. 1 (spring 2008)-v. 25, no. 4 (2012)***title now taken as electronic copy only
=852  41$aBritish Library$bDSC$j6040.743000$3Vol. 3, no. 1 (1988)-v. 22, no. 4 (2009)***UKRR Retained Title
=856  \\$31850-9999$uhttp://onlinelibrary.wiley.com/$xBLDSS
=945  \\$aNatural resource modeling
=959  \\$fHeld but not currently received
=985  \\$aCorrected by MS generated file for WR# 12.018
=985  \\$aTo be published by Blackwell from 2008 (PW ISSN UK)
=A02  \\$a2436028
=ACF  \\$aCurrent copyright fee: GBP5.00$c0$e01-jul-2002$fGBP5.00$g0$hA$5Uk
=ACF  \\$aCurrent copyright fee: GBP2.50$c0$e01-jul-1998$fGBP2.50$g0$hC$5Uk
=ACF  \\$aPrevious Copyright Fee: GBP1.88$c5200\0$e06-mar-2003$fGBP1.88$g0$hP$5Uk
=ACF  \\$aPrevious Copyright Fee: GBP22.00$c10\0$e13-may-2008$fGBP22.00$g0$hP$5Uk
=ACF  \\$aPrevious copyright fee: GBP24.00$c10\0$e01-mar-2015$fGBP24.00$g0$hP$5Uk
=ACF  \\$aPrevious copyright fee: GBP24.00$c35\0$e07-mar-2017$fGBP24.00$g0$hP$5Uk
=ACF  \\$aPrevious copyright fee: GBP28.00$c35\0$e01-jan-2019$fGBP28.00$g0$hP$5Uk
=CAT  \\$aCONV$b00$c20040425$lBLL90$h0707
=CAT  \\$aBATCH$b00$c20091214$lBLL01$h0839
=CAT  \\$aBATCH$b00$c20091216$lBLL01$h0214
=CAT  \\$a8874$b40$c20110623$lBLL01$h0859
=CAT  \\$aBATCH-UPD$b40$c20120614$lBLL01$h2142
=CAT  \\$aBLSS-CORR$b00$c20120724$lBLL01$h1759
=CAT  \\$aBATCH-CLA$b00$c20121109$lBLL01$h1736
=CAT  \\$aWR13.005$c20130323$lBLL01$h1503
=CAT  \\$aBATCH-CLA$b00$c20140125$lBLL01$h1320
=CAT  \\$aBATCH-CLA$c20140225$lBLL01$h2318
=CAT  \\$aBLDSS-3PM$b00$c20141214$lBLL01$h1521
=CAT  \\$aBATCH-UPD$b00$c20150215$lBLL01$h1623
=CAT  \\$aIPL-CLA$c20150228$lBLL01$h2046
=CAT  \\$aBATCH-UPD$b00$c20160413$lBLL01$h1816
=CAT  \\$aBATCH-UPD$b00$c20170302$lBLL01$h1825
=CAT  \\$aW1703-0316$c20170306$lBLL01$h1823
=CAT  \\$aW1703-0316$c20170307$lBLL01$h1647
=CAT  \\$aIPL-CLA$c20170307$lBLL01$h1823
=CAT  \\$aBATCH-UPD$b00$c20180219$lBLL01$h1744
=CAT  \\$aBATCH-UPD$b00$c20181121$lBLL01$h1620
=CAT  \\$aIPL-CLA$c20181231$lBLL01$h1539
=CAT  \\$aR1911-0245$c20191127$lBLL01$h0822
=CAT  \\$aR1911-0245$c20191127$lBLL01$h1044
=CAT  \\$aIPL-CLA$c20191231$lBLL01$h1919
=CAT  \\$a12654$b40$c20211026$lBLL01$h1106
=CAT  \\$aIPL-CLA$c20211231$lBLL01$h1541
=CFI  0\$aCurrent Copyright Fee: zero$c35\0$e01-jan-2022$fGBP0.00$g0$hP$5Uk
=CFI  2\$aPrevious Copyright Fee: GBP32.00$c35\0$e01-jan-2020$fGBP32.00$g0$hP$5Uk
=FFP  \\$aY$bBLDSS-3PM
=FIN  \\$aY
=FMT  \\$a  SE
=LAS  \\$aIPL-CLA$b00$c20211231$lBLL01$h1541
=LEO  \\$aMP10.0000393102
=SRC  \\$aDSS01$bbibmp10.200404.2.aa
=TCO  \\$aTRS$bCCC$c008
=TOC  \\$aETOC
=UNO  \\$aY

