=LDR  04805cas a2201105 a 4500
=001  012418656
=003  Uk
=005  20221231144409.0
=007  ta
=008  040409c19469999ne\qr\p\\\\\\\0\\\b0dut\\
=019  c\$a2114273
=019  x\$a1913190226
=022  0\$a0028-212X$y2542-6583
=040  \\$aUk$cUk$dUk
=042  \\$aukblsr
=082  04$a230$222
=210  0\$aNed. theol. tijdschr.
=222  \0$aNederlands theologisch tijdschrift
=245  00$aNederlands theologisch tijdschrift.
=246  1\$iMinor title change:$aNTT :$bjournal for theology and the study of religion,$fvolume 71, number 1 (spring 2017)-
=260  \\$a's-Gravenhage [etc.] :$bBoekencentrum [etc.]
=264  31$aUtrecht :$bBoekcentrum Tijdschriften
=300  \\$av. ;$c25 cm.
=310  \\$aQuarterly,$b1971-
=321  \\$aFrequency varies,$b1946-1970
=336  \\$atext$2rdacontent
=337  \\$aunmediated$2rdamedia
=338  \\$avolume$2rdacarrier
=362  0\$a1.- jaarg.; 1946-
=500  \\$aTitle varies slightly.
=540  \\$aCurrent Copyright Fee: GBP25.00$c0$5Uk
=546  \\$aArticles in English or Dutch, <2017>-.
=550  \\$a"Uitgegeven door de docenten van de theologische faculteiten der Rijksuniversiteiten te Leiden, Groningen en Utrecht en der Universiteit van Amsterdam."
=588  \\$aLatest issue consulted: volume 71, number 1 (spring 2017).
=650  \0$aTheology$vPeriodicals.
=710  2\$aRijksuniversiteit te Leiden.
=710  2\$aRijksuniversiteit Groningen.
=710  2\$aRijksuniversiteit te Utrecht.
=710  2\$aUniversiteit van Amsterdam.
=780  00$tNieuwe theologische studiën
=852  41$aBritish Library$bDSC$j6071.380000$3Jaarg. 30 (1976)-***UKRR Retained Title***Stock incomplete.
=852  41$aBritish Library$bHMNTS$jAc.940.c$31. jaarg. (1946)-1996, no. 4.
=945  \\$aNEDERLANDS THEOLOGISCH TIJDSCHRIFT.
=959  \\$fCurrently received
=963  \\$aVOL. 3, 1948- 20, [19?] *A=2; 23, [19?]- *A=1$bY$cP43.C.111
=985  \\$aCorrected by MS generated file for WR# 12.018
=985  \\$aNew ISSN assigned on Portal but still work record. This is a minor c/t though as is acronym for full title. Not following ISSN (may never complete anyway), CS 2/3/17
=985  \\$aRecord merged by Acquisitions
=A02  \\$a2114273
=ACF  \\$aPrevious copyright fee: GBP5.00$c0$e01-jul-2002$fGBP5.00$g0$hC$5Uk
=ACF  \\$aCurrent copyright fee: GBP2.50$c0$e01-jul-1998$fGBP2.50$g0$hC$5Uk
=ACF  \\$aCurrent copyright fee: GBP2.30$c0$e01-apr-1997$fGBP2.30$g0$hC$5Uk
=ACF  \\$aPrevious copyright fee: GBP10.50$c0$e01-jan-2011$fGBP10.50$g0$hA$5Uk
=ACF  \\$aPrevious copyright fee: GBP12.00$c0$e01-jan-2012$fGBP12.00$g0$hA$5Uk
=ACF  \\$aPrevious Copyright Fee: GBP12.30$c0$e01-jan-2014$fGBP12.30$g0$hA$5Uk
=ACF  \\$aPrevious Copyright Fee: GBP15.00$c0$e01-jan-2017$fGBP15.00$g0$hA$5Uk
=ACF  \\$aPrevious Copyright Fee: GBP17.50$c0$e01-jan-2018$fGBP17.50$g0$hA$5Uk
=ACF  \\$aPrevious Copyright Fee: GBP20.00$c0$e01-jan-2020$fGBP20.00$g0$hA$5Uk
=CAT  \\$aCONV$b00$c20040425$lBLL90$h0707
=CAT  \\$aBATCH$b00$c20091216$lBLL01$h0214
=CAT  \\$aBATCH-UPD$b00$c20101201$lBLL01$h1247
=CAT  \\$aIPL-CLA$c20101231$lBLL01$h1503
=CAT  \\$aWR11_203$c20111204$lBLL01$h1503
=CAT  \\$aIPL-CLA$c20111230$lBLL01$h2008
=CAT  \\$aBATCH-UPD$b00$c20120614$lBLL01$h2142
=CAT  \\$aBLSS-CORR$b00$c20120724$lBLL01$h1759
=CAT  \\$aBATCH-CLA$b00$c20121109$lBLL01$h1736
=CAT  \\$aWR13.005$c20130323$lBLL01$h1503
=CAT  \\$aBATCH-CLA$c20131220$lBLL01$h2017
=CAT  \\$aIPL-CLA$c20131231$lBLL01$h2320
=CAT  \\$aBATCH-CLA$b00$c20161222$lBLL01$h1759
=CAT  \\$aIPL-CLA$c20161230$lBLL01$h2109
=CAT  \\$a8124$b40$c20170302$lBLL01$h0921
=CAT  \\$aBATCH-CLA$b00$c20171222$lBLL01$h2119
=CAT  \\$aIPL-CLA$c20171231$lBLL01$h1619
=CAT  \\$a10804$b40$c20190411$lBLL01$h1443
=CAT  \\$aBATCH-UPD$b40$c20190411$lBLL01$h1443
=CAT  \\$aBATCH-CLA$b00$c20191219$lBLL01$h1727
=CAT  \\$aIPL-CLA$c20191231$lBLL01$h1919
=CAT  \\$aR2001-1524$c20200127$lBLL01$h2000
=CAT  \\$aBATCH-CLA$b00$c20201204$lBLL01$h1527
=CAT  \\$aIPL-CLA$c20201231$lBLL01$h1527
=CAT  \\$aBATCH-CLA$b00$c20221221$lBLL01$h1835
=CAT  \\$aIPL-CLA$c20221231$lBLL01$h1444
=CFI  0\$aCurrent Copyright Fee: GBP25.00$c0$e01-jan-2023$fGBP25.00$g0$hA$5Uk
=CFI  2\$aPrevious Copyright Fee: GBP22.50$c0$e01-jan-2021$fGBP22.50$g0$hA$5Uk
=FIN  \\$aY
=FMT  \\$a  SE
=LAS  \\$aIPL-CLA$b00$c20221231$lBLL01$h1444
=LEO  \\$aMP1.0002289739
=LEO  \\$aMP10.0000394433
=SRC  \\$aBLS01$bbibmp1.200404.2.ac
=SRC  \\$aDSS01$bbibmp10.200404.2.aa
=TCO  \\$aNLD$bSTICHTING REPRORECHT$c008
=TOC  \\$aETOC

