=LDR  05838cas a2201201 a 4500
=001  012419238
=003  Uk
=005  20220331195143.0
=006  aab\\|||||||||||||
=007  ta
=008  030313c20009999enkqr\p\\\\\\\0\\\a0eng\\
=019  c\$a3005865
=019  0\$as684622009
=022  \\$a0016-7746
=040  \\$aUk$cUk$dUk
=082  04$a551.05$223
=084  \\$aNW 00$2blsrissc
=222  \0$aGeologie & mijnbouw
=245  00$aNetherlands journal of geosciences :$bgeologie en mijnbouw.
=246  17$aNetherlands journal of geosciences/ Geologie en mijnbouw
=246  13$aNJG
=260  \\$aUtrecht :$bNetherlands Journal of Geosciences Foundation on behalf of the Royal Geological and Mining Society of the Netherlands and the Netherlands Institute of Applied Geoscience TNO-National Geological Survey,$c2000-
=264  31$32014-$aCambridge, [UK] :$bCambridge University Press
=300  \\$av. :$bill. (some col.), maps (some col.) ;$c30 cm.
=310  \\$aQuarterly
=336  \\$atext$2rdacontent
=337  \\$aunmediated$2rdamedia
=338  \\$avolume$2rdacarrier
=362  0\$aVol. 79, no. 1 (Mar. 2000)-
=540  \\$aBritish Library not licensed to copy$c0$5Uk
=588  \\$aLatest issue consulted: volume 93, issue 1/2 (June 2014).
=595  \\$aSRIS SHARED STOCK. FORMERLY 4143.0 UP TO VOL. 78, 1999.
=650  \0$aGeology$zNorth Sea$vPeriodicals.
=650  \0$aGeology$zNetherlands$vPeriodicals.
=710  2\$aStichting Netherlands Journal of Geosciences.
=710  2\$aNederlands Instituut voor Toegepaste Geowetenschappen TNO.
=710  2\$aKoninklijk Nederlands Geologisch Mijnbouwkundig Genootschap.
=776  08$iAlso issued online as:$tGeologie en mijnbouw$x1573-9708
=780  00$tGeologie en mijnbouw$x0016-7746
=852  41$aBritish Library$bDSC$j6077.001150$3Vol. 83, no. 2 (2004)-v. 83, no.4 (2004)
=852  71$aBritish Library$bSTI$k(P)$hNW 00$m-G(5)$2blsrissc$3Vol. 79 (2000)-v. 97, no. 3 (2018)***UKRR Retained Title
=945  \\$aNETHERLANDS JOURNAL OF GEOSCIENCES.
=959  \\$fHeld but not currently received
=985  \\$aRecord merged by DQ team
=985  \\$aISSN UK: The ISSN record for this title is maintained on a separate BIB (the BL treated this title as a C/T in 2000, the ISSN record is continuous, hence separate records)
=A02  \\$a3005865
=ACF  \\$aPrevious copyright fee: GBP21.25$c13\1$e01-jan-2009$fGBP21.25$g0$hP$5Uk
=ACF  \\$aPrevious copyright fee: GBP16.75$c13\1$e01-jan-2007$fGBP16.75$g0$hP$5Uk
=ACF  \\$aPrevious copyright fee: GBP16.22$c13\1$e01-oct-2006$fGBP16.22$g0$hP$5Uk
=ACF  \\$aPrevious copyright fee: GBP17.14$c13\1$e01-apr-2006$fGBP17.14$g0$hP$5Uk
=ACF  \\$aPrevious copyright fee: GBP16.67$c13\1$e01-jan-2006$fGBP16.67$g0$hP$5Uk
=ACF  \\$aPrevious copyright fee: GBP16.22$c13\1$e01-apr-2005$fGBP16.22$g0$hP$5Uk
=ACF  \\$aPrevious copyright fee: GBP16.67$c13\1$e01-jan-2005$fGBP16.67$g0$hP$5Uk
=ACF  \\$aPrevious copyright fee: GBP13.51$c13\1$e01-apr-2004$fGBP13.51$g0$hP$5Uk
=ACF  \\$aCurrent copyright fee: GBP14.71$c13\1$e01-jan-2004$fGBP14.71$g0$hP$5Uk
=ACF  \\$aCurrent copyright fee: GBP15.63$c13\1$e01-jan-2003$fGBP15.63$g0$hP$5Uk
=ACF  \\$aPrevious copyright fee: GBP22.00$c13\1$e01-apr-2009$fGBP22.00$g0$hP$5Uk
=ACF  \\$aPrevious copyright fee: GBP22.00$c13\1$e12-aug-2012$fGBP22.00$g0$hP$5Uk
=ACF  \\$aPrevious copyright fee: GBP25.00$c13\1$e01-jan-2013$fGBP25.00$g0$hP$5Uk
=ACF  \\$aPrevious copyright fee: GBP20.00$c43\0$e01-jan-2014$fGBP20.00$g0$hP$5Uk
=ACF  \\$aPrevious copyright fee: GBP25.77$c13\1$e01-jul-2013$fGBP25.77$g0$hP$5Uk
=ACF  \\$aPrevious Copyright Fee: GBP30.00$c43\0$e02-jun-2016$fGBP30.00$g0$hP$5Uk
=ACF  \\$aPrevious Copyright Fee: zero$c43\0$e01-jan-2019$fGBP0.00$g0$hP$5Uk
=ACF  \\$aPrevious Copyright Fee: GBP17.50$c0$e01-apr-2019$fGBP17.50$g0$hA$5Uk
=ACF  \\$aPrevious Copyright Fee: GBP10.00$c0$e01-jul-2019$fGBP10.00$g0$hC$5Uk
=CAT  \\$aCONV$b00$c20040425$lBLL90$h0707
=CAT  \\$aIPL-CLA$c20130701$lBLL01$h0039
=CAT  \\$a5552$b40$c20131106$lBLL01$h1437
=CAT  \\$aIPL-CLA$c20131231$lBLL01$h2320
=CAT  \\$a11316$b40$c20141006$lBLL01$h1430
=CAT  \\$a10806$b40$c20141110$lBLL01$h1356
=CAT  \\$a10806$b40$c20141110$lBLL01$h1358
=CAT  \\$a8874$b40$c20141203$lBLL01$h1328
=CAT  \\$a8874$b40$c20141203$lBLL01$h1334
=CAT  \\$aBLDSS-3PM$b00$c20141208$lBLL01$h1624
=CAT  \\$aBATCH-UPD$b00$c20160524$lBLL01$h2236
=CAT  \\$aBATCH-UPD$b00$c20160525$lBLL01$h0429
=CAT  \\$a5552$b40$c20160602$lBLL01$h1219
=CAT  \\$a5552$b40$c20181128$lBLL01$h1439
=CAT  \\$aIPL-CLA$c20181231$lBLL01$h1539
=CAT  \\$a8335$b40$c20190214$lBLL01$h1047
=CAT  \\$aW1902-1304$c20190314$lBLL01$h1239
=CAT  \\$aBATCH-UPD$b00$c20190314$lBLL01$h1617
=CAT  \\$aIPL-CLA$c20190331$lBLL01$h1725
=CAT  \\$aDEL-3PM$c20190409$lBLL01$h0905
=CAT  \\$aBATCH-CLA$b00$c20190531$lBLL01$h1624
=CAT  \\$aIPL-CLA$c20190630$lBLL01$h1531
=CAT  \\$aBATCH-CLA$b00$c20210227$lBLL01$h1016
=CAT  \\$aIPL-CLA$c20210331$lBLL01$h1659
=CAT  \\$aBATCH-CLA$b00$c20220304$lBLL01$h1533
=CAT  \\$aIPL-CLA$c20220331$lBLL01$h1951
=CFI  0\$aBritish Library not licensed to copy$c0$e01-apr-2022$hC$iCFP Excluded$5Uk
=CFI  2\$aPrevious Copyright Fee: GBP0.00$c0$e01-apr-2021$fGBP0.00$g0$hC$5Uk
=FIN  \\$aY
=FMT  \\$a  SE
=LAS  \\$aIPL-CLA$b00$c20220331$lBLL01$h1951
=LEO  \\$aMP25.0000362482
=LEO  \\$aMP10.0000395213
=LKR  \\$aPAR$b008541799$lBLL01$r78000$mNetherlands journal of geosciences$nGeologie en mijnbouw
=SRC  \\$aSRI01$bbibmp25.200404.2.aa
=SRC  \\$aDSS01$bbibmp10.200404.2.aa
=TCO  \\$aNLD$bSTICHTING REPRORECHT$c008
=TOC  \\$aETOC

