=LDR  04387cas a2201021 a 4500
=001  012420726
=003  Uk
=005  20230511162823.0
=007  ta
=008  040409c20019999xxuqr\p\\\\\\\0\\\a0eng\\
=019  c\$a2610750
=022  0\$a1533-8916
=040  \\$aUk$cUk$dUk
=082  04$a305.235$222
=222  \0$aNew directions for youth development
=245  00$aNew directions for youth development.
=260  \\$aSan Francisco, Calif. :$bJossey-Bass,$cc2001-
=260  3\$3<2005->$aSan Francisco :$bWiley Subscription Services, Inc.
=300  \\$av. ;$c23 cm.
=310  \\$aQuarterly
=336  \\$atext$2rdacontent
=337  \\$aunmediated$2rdamedia
=338  \\$avolume$2rdacarrier
=362  1\$aBegan with no. 92 (winter 2001).
=500  \\$a"Theory practice research."
=500  \\$aEach volume also has a distinctive title.
=540  \\$aCurrent copyright fee: GBP32.00$c35\0$5Uk
=595  \\$aFORMERLY 6083.396 UP TO 91, 2001.
=650  \0$aMental health services$vPeriodicals.
=650  \0$aYouth$xMental health services$vPeriodicals.
=650  \0$aAdolescent psychology$vPeriodicals.
=690  7\$aSocial Welfare$2blcoll
=776  08$iAlso issued online as:$tNew directions for youth development (Online)$x1537-5781
=780  00$tNew directions for mental health services$x0193-9416
=852  41$aBritish Library$bDSC$j6083.477000$3Issue 92 (2001)-Issue 120 (2008)
=856  \\$31850-9999$uhttp://onlinelibrary.wiley.com/$xBLDSS
=945  \\$aNEW DIRECTIONS FOR YOUTH DEVELOPMENT.
=959  \\$fHeld but not currently received
=985  \\$aCorrected by MS generated file for WR# 12.018
=985  \\$aNew title from 2015: New directions for student leadership (ISSN 2373-3349 (Work)). Please link to full online record (ISSN 2373-3357) on closing (Richard (Leeds), 19/03/15)
=A02  \\$a2610750
=ACF  \\$aPrevious copyright fee: GBP24.00$c35\0$e01-mar-2015$fGBP24.00$g0$hP$5Uk
=ACF  \\$aPrevious Copyright Fee: GBP20.00$c0$e01-jan-2005$fGBP20.00$g0$hC$5Uk
=ACF  \\$aPrevious Copyright Fee: GBP20.00$c0$e01-oct-2004$fGBP20.00$g0$hC$5Uk
=ACF  \\$aPrevious copyright fee: GBP20.00$c0$e01-jul-2002$fGBP20.00$g0$hC$5Uk
=ACF  \\$aCurrent copyright fee: GBP2.50$c0$e21-mar-2002$fGBP2.50$g0$hC$5Uk
=ACF  \\$aPrevious Copyright Fee: GBP17.00$c35\0$e01-apr-2005$fGBP17.00$g0$hP$5Uk
=ACF  \\$aPrevious copyright fee: GBP22.00$c35\0$e01-jan-2011$fGBP22.00$g0$hP$5Uk
=CAT  \\$aCONV$b00$c20040425$lBLL90$h0707
=CAT  \\$aCDS08-UPD$b40$c20081110$lBLL01$h2008
=CAT  \\$aBATCH$b00$c20091210$lBLL01$h2324
=CAT  \\$aBATCH$b00$c20091214$lBLL01$h0840
=CAT  \\$aBATCH$b00$c20091216$lBLL01$h0214
=CAT  \\$aBATCH-UPD$b00$c20101116$lBLL01$h1334
=CAT  \\$aIPL-CLA$c20101231$lBLL01$h1504
=CAT  \\$a8874$b40$c20110628$lBLL01$h0828
=CAT  \\$aBATCH-UPD$b40$c20120614$lBLL01$h2142
=CAT  \\$aBLSS-CORR$b00$c20120724$lBLL01$h1759
=CAT  \\$aBATCH-SWP$c20120727$lBLL01$h2249
=CAT  \\$aBATCH-CLA$b00$c20121109$lBLL01$h1736
=CAT  \\$aWR13.005$c20130323$lBLL01$h1504
=CAT  \\$aBATCH-CLA$b00$c20140125$lBLL01$h1317
=CAT  \\$aBATCH-CLA$c20140225$lBLL01$h2318
=CAT  \\$a5997$b40$c20140404$lBLL01$h0825
=CAT  \\$aBLDSS-3PM$b00$c20141214$lBLL01$h1521
=CAT  \\$aBATCH-UPD$b00$c20150215$lBLL01$h1654
=CAT  \\$aIPL-CLA$c20150228$lBLL01$h2046
=CAT  \\$a10806$b40$c20150319$lBLL01$h1106
=CAT  \\$aBATCH-UPD$b40$c20160413$lBLL01$h1816
=CAT  \\$aBATCH-UPD$b40$c20180219$lBLL01$h1744
=CAT  \\$aBATCH-UPD$b40$c20180219$lBLL01$h1934
=CAT  \\$aBATCH-UPD$b40$c20181121$lBLL01$h1620
=CAT  \\$aIPL-CLA$c20181231$lBLL01$h1539
=CAT  \\$a12654$b40$c20200123$lBLL01$h1234
=CAT  \\$aBATCH-FIX$c20230511$lBLL01$h1628
=CFI  0\$aCurrent copyright fee: GBP32.00$c35\0$e23-jan-2020$fGBP32.00$g0$hP$5Uk
=CFI  2\$aPrevious copyright fee: GBP28.00$c35\0$e01-jan-2019$fGBP28.00$g0$hP$5Uk
=FFP  \\$aY$bBLDSS-3PM
=FIN  \\$aY
=FMT  \\$a  SE
=LAS  \\$aBATCH-FIX$b00$c20230511$lBLL01$h1628
=LEO  \\$aMP10.0000397243
=LKR  \\$aPAR$b013351965$lBLL01$r776$mNew directions for youth development (Print)$nNew directions for youth development (Online)
=MIS  \\$ak-sep
=SRC  \\$aDSS01$bbibmp10.200404.2.aa
=TCO  \\$aTRS$bCCC$c008
=TOC  \\$aETOC
=UNO  \\$aY

