=LDR  05895cas a2201273 a 4500
=001  012422551
=003  Uk
=005  20221231144414.0
=007  ta
=008  040409c19289999nz\mr\p\\\\\\\0\\\a0eng\\
=019  c\$a2115400
=019  x\$a2544240148
=022  \\$a0028-8373
=040  \\$aUk$cUk$dUk
=082  04$a340$222
=222  \0$aNew Zealand law journal
=245  04$aThe New Zealand law journal :$bNZLJ.
=246  30$aNZLJ$f<1977-1981>
=260  \\$a[Wellington, N.Z.] :$bButterworths,
=264  31$a[New Zealand] :$bLexisNexis NZ Limited
=300  \\$av. :$bill. ;$c24-29 cm.
=310  \\$aMonthly
=336  \\$atext$2rdacontent
=337  \\$aunmediated$2rdamedia
=338  \\$avolume$2rdacarrier
=362  0\$aVol. 4, no. 1 (Mar. 6, 1928)-
=515  \\$aVol. numbering ceases with v. 37 (1961).
=540  \\$aCurrent Copyright Fee: GBP25.00$c0$5Uk
=555  \\$aVols. 1 (1925-1926)-28 (1952), 2 pts., in v. 28-29. (Includes index to the journal under its earlier title).
=588  \\$aLatest issue consulted: September 2020.
=595  \\$aFORMERLY 2935.63175N SEE ALSO CARD INDEX.
=650  \0$aLaw$zNew Zealand$vPeriodicals.
=650  \0$aLaw reports, digests, etc.$zNew Zealand.
=780  00$tButterworths fortnightly notes
=852  41$aBritish Library$bHMNTS$jP.P.1351.lb.$3Vol. 29, no. 1 (20 Jan. 1953)-1978.
=852  41$aBritish Library$bDSC$j6095.500000$3No. 2 (1962)-***UKRR Retained Title
=945  \\$aNEW ZEALAND LAW JOURNAL.
=959  \\$fCurrently received
=963  \\$aCA/U13 VOL. 4, 1928- *A=1$bN
=985  \\$aCorrected by MS generated file for WR# 12.018
=985  \\$aRecord merged by DQ team
=985  \\$aISSN transferred from UK to New Zealand (05/10/20)
=A02  \\$a2115400
=ACF  \\$aPrevious Copyright Fee: GBP2.86$c0$e01-jul-2009$fGBP2.86$g0$hC$5Uk
=ACF  \\$aPrevious Copyright Fee: GBP2.86$c0$e01-apr-2009$fGBP2.86$g0$hC$5Uk
=ACF  \\$aPrevious Copyright Fee: GBP2.50$c0$e01-jan-2009$fGBP2.50$g0$hC$5Uk
=ACF  \\$aPrevious Copyright Fee: GBP2.00$c0$e01-oct-2008$fGBP2.00$g0$hC$5Uk
=ACF  \\$aPrevious Copyright Fee: GBP2.00$c0$e01-jul-2008$fGBP2.00$g0$hC$5Uk
=ACF  \\$aPrevious Copyright Fee: GBP2.00$c0$e01-apr-2008$fGBP2.00$g0$hC$5Uk
=ACF  \\$aPrevious Copyright Fee: GBP2.00$c0$e01-jan-2008$fGBP2.00$g0$hC$5Uk
=ACF  \\$aPrevious Copyright Fee: GBP2.00$c0$e01-oct-2007$fGBP2.00$g0$hC$5Uk
=ACF  \\$aPrevious Copyright Fee: GBP2.00$c0$e01-jul-2007$fGBP2.00$g0$hC$5Uk
=ACF  \\$aPrevious Copyright Fee: GBP2.05$c0$e01-apr-2007$fGBP2.05$g0$hC$5Uk
=ACF  \\$aPrevious Copyright Fee: GBP2.16$c0$e01-jan-2007$fGBP2.16$g0$hC$5Uk
=ACF  \\$aPrevious Copyright Fee: GBP2.16$c0$e01-oct-2006$fGBP2.16$g0$hC$5Uk
=ACF  \\$aPrevious Copyright Fee: GBP2.29$c0$e01-jul-2006$fGBP2.29$g0$hC$5Uk
=ACF  \\$aPrevious Copyright Fee: GBP2.29$c0$e01-apr-2006$fGBP2.29$g0$hC$5Uk
=ACF  \\$aPrevious Copyright Fee: GBP2.22$c0$e01-jan-2006$fGBP2.22$g0$hC$5Uk
=ACF  \\$aPrevious Copyright Fee: GBP2.16$c0$e01-oct-2005$fGBP2.16$g0$hC$5Uk
=ACF  \\$aPrevious Copyright Fee: GBP2.16$c0$e01-jul-2005$fGBP2.16$g0$hC$5Uk
=ACF  \\$aPrevious Copyright Fee: GBP2.16$c0$e01-apr-2005$fGBP2.16$g0$hC$5Uk
=ACF  \\$aPrevious Copyright Fee: GBP2.22$c0$e01-jan-2005$fGBP2.22$g0$hC$5Uk
=ACF  \\$aPrevious Copyright Fee: GBP2.16$c0$e01-oct-2004$fGBP2.16$g0$hC$5Uk
=ACF  \\$aPrevious copyright fee: GBP2.16$c0$e01-apr-2004$fGBP2.16$g0$hC$5Uk
=ACF  \\$aCurrent copyright fee: GBP2.35$c0$e01-jan-2004$fGBP2.35$g0$hC$5Uk
=ACF  \\$aCurrent copyright fee: GBP2.50$c0$e01-jan-2003$fGBP2.50$g0$hC$5Uk
=ACF  \\$aPrevious copyright fee: GBP10.50$c0$e01-jan-2011$fGBP10.50$g0$hA$5Uk
=ACF  \\$aPrevious copyright fee: GBP12.00$c0$e01-jan-2012$fGBP12.00$g0$hA$5Uk
=ACF  \\$aPrevious Copyright Fee: GBP12.30$c0$e01-jan-2014$fGBP12.30$g0$hA$5Uk
=ACF  \\$aPrevious Copyright Fee: GBP15.00$c0$e01-jan-2017$fGBP15.00$g0$hA$5Uk
=ACF  \\$aPrevious Copyright Fee: GBP17.50$c0$e01-jan-2018$fGBP17.50$g0$hA$5Uk
=ACF  \\$aPrevious Copyright Fee: GBP20.00$c0$e01-jan-2020$fGBP20.00$g0$hA$5Uk
=CAT  \\$aCONV$b00$c20040425$lBLL90$h0707
=CAT  \\$a10_149CORR$c20110119$lBLL01$h1423
=CAT  \\$a8874$b40$c20110629$lBLL01$h1017
=CAT  \\$a8874$b40$c20110629$lBLL01$h1019
=CAT  \\$aWR11_203$c20111204$lBLL01$h1504
=CAT  \\$aIPL-CLA$c20111230$lBLL01$h2009
=CAT  \\$aBATCH-UPD$b00$c20120614$lBLL01$h2142
=CAT  \\$aBLSS-CORR$b00$c20120724$lBLL01$h1759
=CAT  \\$aBATCH-CLA$b00$c20121109$lBLL01$h1735
=CAT  \\$aWR13.005$c20130323$lBLL01$h1505
=CAT  \\$aBATCH-CLA$c20131220$lBLL01$h2019
=CAT  \\$aIPL-CLA$c20131231$lBLL01$h2322
=CAT  \\$aBATCH-CLA$b00$c20161222$lBLL01$h1759
=CAT  \\$aIPL-CLA$c20161230$lBLL01$h2110
=CAT  \\$aBATCH-CLA$b00$c20171222$lBLL01$h2119
=CAT  \\$aIPL-CLA$c20171231$lBLL01$h1620
=CAT  \\$aBATCH-CLA$b00$c20191219$lBLL01$h1728
=CAT  \\$aIPL-CLA$c20191231$lBLL01$h1920
=CAT  \\$aR2001-1524$c20200127$lBLL01$h2000
=CAT  \\$a10806$b40$c20200930$lBLL01$h1436
=CAT  \\$a10806$b40$c20201001$lBLL01$h0903
=CAT  \\$a10806$b40$c20201005$lBLL01$h1230
=CAT  \\$aBATCH-CLA$b00$c20201204$lBLL01$h1528
=CAT  \\$aIPL-CLA$c20201231$lBLL01$h1527
=CAT  \\$aBATCH-CLA$b00$c20221221$lBLL01$h1835
=CAT  \\$aIPL-CLA$c20221231$lBLL01$h1444
=CFI  0\$aCurrent Copyright Fee: GBP25.00$c0$e01-jan-2023$fGBP25.00$g0$hA$5Uk
=CFI  2\$aPrevious Copyright Fee: GBP22.50$c0$e01-jan-2021$fGBP22.50$g0$hA$5Uk
=FIN  \\$aY
=FMT  \\$a  SE
=LAS  \\$aIPL-CLA$b00$c20221231$lBLL01$h1444
=LEO  \\$aMP10.0000399727
=LEO  \\$aMP1.0003055648
=SRC  \\$aBLS01$bbibmp1.200404.2.ad
=SRC  \\$aDSS01$bbibmp10.200404.2.aa
=TCO  \\$aNZL$bCLL$c008
=TOC  \\$aETOC

