=LDR  04055 as a2200949 a 4500
=001  012423428
=003  Uk
=005  20130114141107.0
=007  ta
=008  040409d1991201uxxuer\p\\\\\\\0\\\a0eng\\
=019  c\$a2448836
=022  0\$a8750-9741
=040  \\$aUk$beng$cUk$dUk
=042  \\$aukblsr
=082  04$a610.6950973$222
=210  0\$aMedigram$b(1985)
=222  \0$aMedigram$b(1985)
=245  00$aMedigram :$bnews for Michigan physicians.
=246  13$aNews for Michigan physicians,$f1991-2009
=260  \\$aEast Lansing :$bMichigan State Medical Society,$c1991-
=300  \\$av. :$bcol. ill., col. ports. ;$c28 cm.
=310  \\$aBiweekly
=321  \\$aWeekly
=336  \\$atext$2rdacontent
=337  \\$aunmediated$2rdamedia
=338  \\$avolume$2rdacarrier
=362  0\$aVol. 7, no. 30 (Sept. 3, 1991)-
=362  1\$aCeased in 2011?
=500  \\$aSubtitle dropped from Vol. 26 (2010)-.
=500  \\$aLatest issue consulted: Vol. 26, no. 9 (May 17, 2010).
=540  \\$aBritish Library not licensed to copy$c0$5Uk
=595  \\$aFORMERLY 6104.683 UP TO VOL. 7(29), 1991.
=610  20$aMichigan State Medical Society$vPeriodicals.
=650  \0$aPhysicians$zUnited States$vPeriodicals.
=710  2\$aMichigan State Medical Society.
=780  00$tNews for Michigan doctors, MEDIGRAM
=852  41$aBritish Library$bDSC$j6104.684000$3Vol. 7, no. 30 (1991)-v. 27, no. 14 (2011)
=945  \\$aNEWS FOR MICHIGAN PHYSICIANS MEDIGRAM.
=959  \\$fHeld but not currently received
=985  \\$aDSC catalogued this under subtitle thus forcing c/t at 1991 but has really always been Medigram since 1985 (see ISSN online) Record revised to reflect proper title 2/6/10 when subtitle dropped as would otherwise force a further inaccurate title change. CS
=A02  \\$a2448836
=ACF  \\$aPrevious copyright fee: GBP9.00$c0$e01-apr-2010$fGBP9.00$g0$hA$5Uk
=ACF  \\$aPrevious copyright fee: GBP6.00$c0$e01-apr-2008$fGBP6.00$g0$hA$5Uk
=ACF  \\$aPrevious copyright fee: GBP5.00$c0$e01-jul-2002$fGBP5.00$g0$hA$5Uk
=ACF  \\$aCurrent copyright fee: GBP2.50$c0$e01-jul-1998$fGBP2.50$g0$hC$5Uk
=ACF  \\$aCurrent copyright fee: GBP2.30$c0$e01-apr-1997$fGBP2.30$g0$hC$5Uk
=ACF  \\$aPrevious copyright fee: GBP10.50$c0$e01-jan-2011$fGBP10.50$g0$hA$5Uk
=CAT  \\$aCONV$b00$c20040425$lBLL90$h0707
=CAT  \\$aBATCH-UPD$b00$c20080330$lBLL01$h1547
=CAT  \\$aBATCH$b00$c20080330$lBLL01$h2250
=CAT  \\$aBATCH$b00$c20091210$lBLL01$h2325
=CAT  \\$aBATCH$b00$c20091214$lBLL01$h0840
=CAT  \\$aBATCH$b00$c20091216$lBLL01$h0215
=CAT  \\$aBATCH-UPD$b00$c20100226$lBLL01$h0133
=CAT  \\$aBATCH-UPD$b00$c20100331$lBLL01$h2326
=CAT  \\$aBATCH-UPD$b00$c20100401$lBLL01$h0246
=CAT  \\$aBATCH$b00$c20100401$lBLL01$h0549
=CAT  \\$aBATCH$b00$c20100401$lBLL01$h1622
=CAT  \\$a8124$b40$c20100602$lBLL01$h1403
=CAT  \\$a8124$b40$c20100602$lBLL01$h1407
=CAT  \\$aBATCH-UPD$b40$c20100606$lBLL01$h2330
=CAT  \\$aBATCH-UPD$b40$c20101124$lBLL01$h1941
=CAT  \\$aBATCH-UPD$b40$c20101125$lBLL01$h1209
=CAT  \\$aIPL-CLA$c20101231$lBLL01$h1505
=CAT  \\$a7778$b40$c20110823$lBLL01$h0957
=CAT  \\$aBATCH-UPD$b40$c20110907$lBLL01$h1824
=CAT  \\$aIPL-CLA$c20110908$lBLL01$h1739
=CAT  \\$aBATCH-CLA$b00$c20121109$lBLL01$h1735
=CAT  \\$aWR12_168$c20121206$lBLL01$h1836
=CAT  \\$a7778$b40$c20130114$lBLL01$h1411
=CAT  \\$aWR13.005$c20130323$lBLL01$h1505
=CAT  \\$aBATCH-CLA$b00$c20131129$lBLL01$h1657
=CAT  \\$aIPL-CLA$c20131231$lBLL01$h2322
=CFI  0\$aBritish Library not licensed to copy$c0$e01-jan-2014$hC$iCFP Excluded$5Uk
=CFI  2\$aBritish Library not licensed to copy$c0$e07-sep-2011$hC$iTX$5Uk
=FIN  \\$aY
=FMT  \\$a  SE
=LAS  \\$aIPL-CLA$b00$c20131231$lBLL01$h2322
=LEO  \\$aMP10.0000400995
=LKR  \\$aPAR$b012423427$lBLL01$r78000$mMedigram (1985)$nNews for Michigan doctors, MEDIGRAM.
=SRC  \\$aDSS01$bbibmp10.200404.2.aa
=TCO  \\$aTRS$bCCC$c008

