=LDR  06732cas a2201393 i 4500
=001  012431073
=003  Uk
=005  20221231144420.0
=007  ta
=008  040410d19802020gw\mr\p\\\\\\\0\\\a0eng\\
=019  c\$a2260330
=022  \\$a0722-4397$y0949-0205$y2366-1313
=040  \\$aUk$beng$cUk$dUk$erda
=041  0\$aeng$ager$bfre
=042  \\$aukblsr
=082  04$a624$222
=210  0\$aZKG int.
=222  \0$aZKG international
=245  00$aZKG international :$bcement, lime, gypsum.
=246  3\$aZement, Kalk, Gips international
=246  17$aZKG
=264  \1$aWiesbaden :$bBauverlag,$c[1980]-
=300  \\$billustrations (black and white, and colour) ;$c30 cm
=310  \\$aMonthly
=336  \\$atext$2rdacontent
=337  \\$aunmediated$2rdamedia
=338  \\$avolume$2rdacarrier
=362  1\$aBegan with 33. Jahrgang (1980); ceased with 2020, issue 3.
=500  \\$aPlace of publication varies.
=540  \\$aCurrent Copyright Fee: GBP25.00$c0$5Uk
=546  \\$a1980-1994: German text, with summaries and table of contents also in English and French; German and English, 1995-
=550  \\$aOfficial organ of the Verein Deutscher Zementwerke.
=588  \\$aDescription based on: issue 3 (2016).
=595  \\$aFORMERLY 9500.00 UP TO VOL. 47, 1994.
=650  \0$aCement industries$zGermany$vPeriodicals.
=650  \0$aCement industries$vPeriodicals.
=650  \0$aLime industry$zGermany$vPeriodicals.
=650  \0$aLime industry$vPeriodicals.
=650  \0$aGypsum industry$zGermany$vPeriodicals.
=650  \0$aGypsum industry$vPeriodicals.
=710  2\$aVerein Deutscher Zementwerke,$eissuing body.
=775  08$iRussian edition, 2007- :$tZKG international$cAusgabe für Russland$x1865-6668
=780  00$tZement, Kalk, Gips$x0044-3905
=780  05$tZKG international. Edition B$x0722-4400
=785  00$tZKG$x2748-8330
=787  0\$tCement international$x1610-6199
=852  41$aBritish Library$bDSC$j9514.940300$3Vol. 48 (1995)-v. 70, no. 3 (2020)
=945  \\$aZKG international
=959  \\$fHeld but not currently received
=985  \\$aCONFERENCE ANALYTIC RECORDS EXIST
=985  \\$aCorrected by MS generated file for WR# 12.018
=985  \\$aRecord merged by DQ team
=985  \\$aGerman ISSN Centre treated language of the text changes as major C/Ts, so assigned ISSN 0949-0205 to the Deutsch-Englische edition 1995 to 2013, and ISSN 2366-1313 to English edition 2013-2020. Same DSC record retained through all language changes, so out of step with the ISSN. (ED 12.10.2022).
=A02  \\$a2260330
=ACF  \\$aPrevious Copyright Fee: GBP8.57$c0$e01-jul-2009$fGBP8.57$g0$hC$5Uk
=ACF  \\$aPrevious Copyright Fee: GBP8.57$c0$e01-apr-2009$fGBP8.57$g0$hC$5Uk
=ACF  \\$aPrevious Copyright Fee: GBP7.50$c0$e01-jan-2009$fGBP7.50$g0$hC$5Uk
=ACF  \\$aPrevious Copyright Fee: GBP6.00$c0$e01-oct-2008$fGBP6.00$g0$hC$5Uk
=ACF  \\$aPrevious Copyright Fee: GBP6.00$c0$e01-jul-2008$fGBP6.00$g0$hC$5Uk
=ACF  \\$aPrevious Copyright Fee: GBP6.00$c0$e01-apr-2008$fGBP6.00$g0$hC$5Uk
=ACF  \\$aPrevious Copyright Fee: GBP6.00$c0$e01-jan-2008$fGBP6.00$g0$hC$5Uk
=ACF  \\$aPrevious Copyright Fee: GBP6.00$c0$e01-oct-2007$fGBP6.00$g0$hC$5Uk
=ACF  \\$aPrevious Copyright Fee: GBP6.00$c0$e01-jul-2007$fGBP6.00$g0$hC$5Uk
=ACF  \\$aPrevious Copyright Fee: GBP6.15$c0$e01-apr-2007$fGBP6.15$g0$hC$5Uk
=ACF  \\$aPrevious Copyright Fee: GBP6.49$c0$e01-jan-2007$fGBP6.49$g0$hC$5Uk
=ACF  \\$aPrevious Copyright Fee: GBP6.49$c0$e01-oct-2006$fGBP6.49$g0$hC$5Uk
=ACF  \\$aPrevious Copyright Fee: GBP6.86$c0$e01-jul-2006$fGBP6.86$g0$hC$5Uk
=ACF  \\$aPrevious Copyright Fee: GBP4.57$c0$e01-apr-2006$fGBP4.57$g0$hC$5Uk
=ACF  \\$aPrevious Copyright Fee: GBP4.44$c0$e01-jan-2006$fGBP4.44$g0$hC$5Uk
=ACF  \\$aPrevious Copyright Fee: GBP4.32$c0$e01-oct-2005$fGBP4.32$g0$hC$5Uk
=ACF  \\$aPrevious Copyright Fee: GBP4.32$c0$e01-jul-2005$fGBP4.32$g0$hC$5Uk
=ACF  \\$aPrevious Copyright Fee: GBP4.32$c0$e01-apr-2005$fGBP4.32$g0$hC$5Uk
=ACF  \\$aPrevious Copyright Fee: GBP4.44$c0$e01-jan-2005$fGBP4.44$g0$hC$5Uk
=ACF  \\$aPrevious Copyright Fee: GBP4.32$c0$e01-oct-2004$fGBP4.32$g0$hC$5Uk
=ACF  \\$aPrevious copyright fee: GBP4.32$c0$e01-apr-2004$fGBP4.32$g0$hC$5Uk
=ACF  \\$aCurrent copyright fee: GBP4.71$c0$e01-jan-2004$fGBP4.71$g0$hC$5Uk
=ACF  \\$aCurrent copyright fee: GBP5.00$c0$e01-jan-2003$fGBP5.00$g0$hC$5Uk
=ACF  \\$aPrevious copyright fee: GBP10.50$c0$e01-jan-2011$fGBP10.50$g0$hA$5Uk
=ACF  \\$aPrevious copyright fee: GBP12.00$c0$e01-jan-2012$fGBP12.00$g0$hA$5Uk
=ACF  \\$aPrevious Copyright Fee: GBP12.30$c0$e01-jan-2014$fGBP12.30$g0$hA$5Uk
=ACF  \\$aPrevious Copyright Fee: GBP15.00$c0$e01-jan-2017$fGBP15.00$g0$hA$5Uk
=ACF  \\$aPrevious Copyright Fee: GBP17.50$c0$e01-jan-2018$fGBP17.50$g0$hA$5Uk
=ACF  \\$aPrevious Copyright Fee: GBP20.00$c0$e01-jan-2020$fGBP20.00$g0$hA$5Uk
=CAT  \\$aCONV$b00$c20040425$lBLL90$h0712
=CAT  \\$aIPL-CLA$c20101231$lBLL01$h1508
=CAT  \\$aWR11_203$c20111204$lBLL01$h1506
=CAT  \\$a6933$b40$c20111213$lBLL01$h1127
=CAT  \\$aIPL-CLA$c20111230$lBLL01$h2012
=CAT  \\$aBATCH-UPD$b00$c20120614$lBLL01$h2142
=CAT  \\$aBLSS-CORR$b00$c20120724$lBLL01$h1759
=CAT  \\$aBATCH-CLA$b00$c20121109$lBLL01$h1734
=CAT  \\$aWR13.005$c20130323$lBLL01$h1509
=CAT  \\$aBATCH-CLA$c20131220$lBLL01$h2022
=CAT  \\$aIPL-CLA$c20131231$lBLL01$h2326
=CAT  \\$a8323$b40$c20160426$lBLL01$h0931
=CAT  \\$aBATCH-CLA$b00$c20161222$lBLL01$h1800
=CAT  \\$aIPL-CLA$c20161230$lBLL01$h2113
=CAT  \\$aBATCH-CLA$b00$c20171222$lBLL01$h2120
=CAT  \\$aIPL-CLA$c20171231$lBLL01$h1622
=CAT  \\$aBATCH-CLA$b00$c20191219$lBLL01$h1729
=CAT  \\$aIPL-CLA$c20191231$lBLL01$h1922
=CAT  \\$aR2001-1524$c20200127$lBLL01$h2001
=CAT  \\$aBATCH-CLA$b00$c20201204$lBLL01$h1529
=CAT  \\$aIPL-CLA$c20201231$lBLL01$h1528
=CAT  \\$a8483$b40$c20221012$lBLL01$h0851
=CAT  \\$a8483$b40$c20221012$lBLL01$h0926
=CAT  \\$a6558$b40$c20221114$lBLL01$h1605
=CAT  \\$aBATCH-CLA$b00$c20221221$lBLL01$h1836
=CAT  \\$aIPL-CLA$c20221231$lBLL01$h1444
=CFI  0\$aCurrent Copyright Fee: GBP25.00$c0$e01-jan-2023$fGBP25.00$g0$hA$5Uk
=CFI  2\$aPrevious Copyright Fee: GBP22.50$c0$e01-jan-2021$fGBP22.50$g0$hA$5Uk
=FIN  \\$aY
=FMT  \\$a  SE
=LAS  \\$aIPL-CLA$b00$c20221231$lBLL01$h1444
=LEO  \\$aMP10.0000628014
=LKR  \\$aPAR$b012429837$lBLL01$r78000$mZKG international$nZement, Kalk, Gips
=SRC  \\$aDSS01$bbibmp10.200404.2.aa
=TCO  \\$aDEU$bVG WORT$c008
=TOC  \\$aETOC

