=LDR  06013cas a2201285 a 4500
=001  012431969
=003  Uk
=005  20221231144424.0
=007  cr\|||||||||||
=008  040410c19689999xxuqx\p\s\\\\\0\\\a0eng\\
=015  \\$aGBB407049$2bnb
=019  c\$a102017319
=022  \\$a1467-8276
=037  \\$aajae$bOxford University Press
=037  2\$aISSN_00029092_4$bPortico$nOxford University Press
=037  3\$aISSN_00029092$bPortico$nWiley
=040  \\$aUk$cUk$dUk
=042  \\$aukblsr
=082  04$a338.105$223
=130  0\$aAmerican journal of agricultural economics (Online)
=210  0\$aAm. J. agric. econ.$b(Online)
=222  \0$aAmerican journal of agricultural economics$b(Online)
=245  10$aAmerican journal of agricultural economics$h[electronic resource].
=260  \\$aSt. Paul, Minn. :$bAmerican Agricultural Economics Association,$c1968-
=260  2\$aMalden, Mass. ;$aOxford :$bBlackwell,$c1968-
=264  21$a[Oxford] :$bOxford University Press
=264  31$aHoboken, NJ :$bPublished on behalf of Agricultural and Applied Economics Association by Wiley Periodicals.
=310  \\$aFive issues yearly
=336  \\$atext$2rdacontent
=337  \\$acomputer$2rdamedia
=338  \\$aonline resource$2rdacarrier
=362  1\$aPrint began with: Vol. 50 (Feb. 1968).
=540  \\$aCurrent Copyright Fee: GBP39.00$c35\0$5Uk
=550  \\$aPublished on behalf of: American Agricultural Economics Association.
=580  \\$aIncludes issues of earlier title: Journal of farm economics (1919-1967).
=588  \\$aDescription based on print version record.
=588  \\$aLatest issue consulted: volume 102, number 5 (October 2020) (Wiley Online Library, viewed October 27, 2020).
=595  \\$aFormerly 4983.80.
=650  \0$aAgriculture$xEconomic aspects$vPeriodicals.
=650  \0$aAgriculture$vPeriodicals.
=690  7\$aManagement and Business Studies$2blcoll
=710  2\$aAmerican Agricultural Economics Association,$eissuing body.
=776  08$iAlso issued in print as:$tAmerican journal of agricultural economics.$x0002-9092
=780  10$tJournal of farm economics
=852  41$aBritish Library$bDSC$j0820.950000$3feb-2003 VOL 85 PART 1-Volume 93:Issue 5(2011)***See ESTAR for full holdings.
=852  41$aBritish Library$bHMNTS$jELD Digital store$3Volume 95:Number 1(2013)-***Previous issues available in print copy
=856  \\$31850-9999$uhttp://ukcatalogue.oup.com/$xBLDSS
=856  40$uhttp://ajae.oxfordjournals.org/
=856  40$uhttps://academic.oup.com/ajae
=856  40$uhttps://onlinelibrary.wiley.com/journal/14678276
=859  \\$aELD$bejournal
=883  0\$aLanguage codes assigned by Bayesian analysis of words present in record$d20201028$qUk$c0.9010
=945  \\$aAmerican journal of agricultural economics
=959  \\$fHeld but not currently received
=963  \\$aVOL. 50, 1968- 56(1), 1974 *A=1; 82, 2000- *A=1$bY$cL221.C.170
=985  \\$aCorrected by BSS-generated file for WR# 08/157
=985  \\$aISSN transfer to U.S. pending (Richard, 03/11/20)
=985  \\$aUpgraded by BSS-generated file for WR2011-1472
=A02  \\$a102017319
=ACF  \\$aPrevious copyright fee: GBP15.00$c10\0$e01-apr-2004$fGBP15.00$g0$hP$5Uk
=ACF  \\$aCurrent copyright fee: GBP13.00$c10\0$e01-apr-2003$fGBP13.00$g0$hP$5Uk
=ACF  \\$aCurrent copyright fee: GBP13.00$c10\6$e01-apr-2002$fGBP13.00$g0$hP$5Uk
=ACF  \\$aPrevious copyright fee: GBP22.00$c10\0$e01-jan-2006$fGBP22.00$g0$hP$5Uk
=ACF  \\$aPrevious copyright fee: GBP18.00$c29\0$e18-may-2010$fGBP18.00$g0$hP$5Uk
=ACF  \\$aPrevious copyright fee: GBP20.00$c29\0$e01-jan-2013$fGBP20.00$g0$hP$5Uk
=ACF  \\$aPrevious copyright fee: GBP23.00$c29\0$e01-jan-2015$fGBP23.00$g0$hP$5Uk
=ACF  \\$aPrevious copyright fee: GBP24.00$c29\0$e01-jan-2016$fGBP24.00$g0$hP$5Uk
=ACF  \\$aPrevious copyright fee: GBP26.00$c29\0$e01-jan-2017$fGBP26.00$g0$hP$5Uk
=ACF  \\$aPrevious copyright fee: GBP27.00$c29\0$e01-jan-2018$fGBP27.00$g0$hP$5Uk
=ACF  \\$aPrevious copyright fee: GBP28.00$c29\0$e01-jan-2019$fGBP28.00$g0$hP$5Uk
=CAT  \\$aCONV$b00$c20040425$lBLL90$h0712
=CAT  \\$aBLDSS-3PM$b00$c20141208$lBLL01$h1624
=CAT  \\$aIPL-CLA$c20141231$lBLL01$h1650
=CAT  \\$aBATCH-UPD$b00$c20151119$lBLL01$h1551
=CAT  \\$aIPL-CLA$c20151231$lBLL01$h1918
=CAT  \\$aBATCH-UPD$b00$c20160524$lBLL01$h2209
=CAT  \\$aBATCH-UPD$b00$c20160525$lBLL01$h0011
=CAT  \\$aBATCH-UPD$b00$c20161122$lBLL01$h1520
=CAT  \\$aIPL-CLA$c20161230$lBLL01$h2113
=CAT  \\$aBATCH-UPD$b00$c20171121$lBLL01$h1703
=CAT  \\$aW1711-1005$c20171206$lBLL01$h1815
=CAT  \\$aIPL-CLA$c20171231$lBLL01$h1622
=CAT  \\$aBATCH-UPD$b00$c20181217$lBLL01$h1651
=CAT  \\$aIPL-CLA$c20181231$lBLL01$h1539
=CAT  \\$aW1910-0530$c20191007$lBLL01$h1114
=CAT  \\$a15001$b40$c20191128$lBLL01$h1441
=CAT  \\$a5552$b40$c20191204$lBLL01$h0938
=CAT  \\$aIPL-CLA$c20191231$lBLL01$h1922
=CAT  \\$a8483$b40$c20201027$lBLL01$h1151
=CAT  \\$a10806$b40$c20201103$lBLL01$h1356
=CAT  \\$a10806$b40$c20201103$lBLL01$h1357
=CAT  \\$aW2011-1472$b00$c20201127$lBLL01$h1803
=CAT  \\$a14586$b40$c20211008$lBLL01$h1204
=CAT  \\$a14586$b40$c20211008$lBLL01$h1206
=CAT  \\$a8055$b40$c20221228$lBLL01$h1052
=CAT  \\$aIPL-CLA$c20221231$lBLL01$h1444
=CFI  0\$aCurrent Copyright Fee: GBP39.00$c35\0$e01-jan-2023$fGBP39.00$g0$hP$5Uk
=CFI  2\$aPrevious Copyright Fee: GBP32.00$c35\0$e01-jan-2020$fGBP32.00$g0$hP$5Uk
=EST  \\$a1
=FFP  \\$aY$bBLDSS-3PM
=FIN  \\$aY
=FMT  \\$a  SE
=LAS  \\$aIPL-CLA$b00$c20221231$lBLL01$h1444
=LEO  \\$aMP10.0000629239
=LKR  \\$aPAR$b009829324$lBLL01$nAmerican journal of agricultural economics (Print)$mAmerican journal of agricultural economics (Online)$r776
=MNI  \\$a0002-9092
=SRC  \\$aDSS01$bbibmp10.200404.2.aa
=TCO  \\$aTRS$bCCC$c008
=TOC  \\$aETOC
=UNO  \\$aY

