=LDR  05875cas a2201261 a 4500
=001  012432200
=003  Uk
=005  20211231154143.0
=006  m\\\\\o\\d\\\\\\\\
=007  cr\|||||||||||
=008  021206c20019999ne\br\pso\\\\\0\\\a0eng\d
=015  \\$aGBB560789$2bnb
=019  c\$a102603181
=022  \\$a1532-1916$y1521-6918
=035  \\$a(OCoLC)51174298$z(OCoLC)61565550
=037  \\$aISSN_15216918$bPortico$nElsevier
=040  \\$aOHS$cOHS$dOCLCQ$dLGG$dOCLCQ$dNSD$dZ5A$dAUD$dOCLCQ$dOCLCF$dOCLCO$dUk
=042  \\$aukblsr
=050  \4$aRC802$b.B475
=082  04$a616.33005$223
=130  0\$aBest practice and research.$pClinical gastroenterology (Online)
=245  10$aBest practice & research.$pClinical gastroenterology$h[electronic resource].
=246  30$aClinical gastroenterology
=260  \\$a[London] :$bBaillière Tindall :$bHarcourt,$c2001-
=264  31$a[Amsterdam] :$bBaillière Tindall
=310  \\$aBimonthly
=336  \\$atext$2rdacontent
=337  \\$acomputer$2rdamedia
=338  \\$aonline resource$2rdacarrier
=362  0\$aVol. 15, no. 1 (Feb. 2001)-
=500  \\$aTitle from pdf article (viewed Dec. 5, 2002).
=500  \\$aPublished 2002- : Elsevier Science Pub. Co.; available on ScienceDirect.
=530  \\$aAlso issued in print.
=538  \\$aMode of access: World Wide Web.
=540  \\$aCurrent copyright fee: GBP34.30$c5\1$5Uk
=588  \\$aLatest issue consulted: volume 29, issue 2 (April 2015) (ScienceDirect, viewed May 8, 2015).
=595  \\$aFORMERLY 1856.71675 UP TO VOL. 14, 2000.
=650  \0$aGastroenterology$vPeriodicals.
=650  \0$aGastrointestinal system$xDiseases$vPeriodicals.
=650  \2$aGastrointestinal Diseases.
=650  \2$aGastroenterology.
=650  17$aKlinische geneeskunde.$2gtt
=650  17$aGastro-enterologie.$2gtt
=650  \7$aGastroenterology.$2fast$0(OCoLC)fst00938842
=650  \7$aGastrointestinal system$xDiseases.$2fast$0(OCoLC)fst00938871
=655  \7$aPeriodicals.$2fast$0(OCoLC)fst01411641
=776  1\$tBest practice & research. Clinical gastroenterology$x1521-6918
=780  00$tBaillière's best practice & research in clinical gastroenterology (Online)
=852  41$aBritish Library$bSTI$jELD Digital store$3Volume 29:Issue 1(2015)-***Previous issues available in print copy
=852  41$aBritish Library$bDSC$j1942.327827$3feb-2001 VOL 15 PART 1-Volume 23:Issue 6(2009)***See ESTAR for full holdings.***Some issues available for 2010
=856  \\$31850-9999$uhttp://www.elsevier.com/journals$xBLDSS
=856  40$uhttp://www.sciencedirect.com/science/journal/15216918
=856  4\$uhttp://firstsearch.oclc.org$zAddress for accessing the journal using authorization number and password through OCLC FirstSearch Electronic Collections Online. Subscription to online journal required for access to abstracts and full text
=859  \\$aELD$bejournal
=945  \\$aBEST PRACTICE AND RESEARCH CLINICAL GASTROENTEROLOGY.
=959  \\$fHeld but not currently received
=985  \\$a222 not included. ISSN do not follow title changes in BL collection records - SF 8/5/2015
=A02  \\$a102603181
=ACF  \\$aPrevious copyright fee: GBP19.00$c5\9$e01-jan-2008$fGBP19.00$g0$hP$5Uk
=ACF  \\$aPrevious copyright fee: GBP18.00$c5\9$e01-apr-2004$fGBP18.00$g0$hP$5Uk
=ACF  \\$aCurrent copyright fee: GBP20.00$c5\9$e01-jan-2003$fGBP20.00$g0$hP$5Uk
=ACF  \\$aCurrent copyright fee: GBP5.00$c0$e01-jul-2002$fGBP5.00$g0$hA$5Uk
=ACF  \\$aPrevious copyright fee: GBP20.00$c5\1$e01-jan-2009$fGBP20.00$g0$hP$5Uk
=ACF  \\$aPrevious copyright fee: GBP21.00$c5\1$e01-jan-2012$fGBP21.00$g0$hP$5Uk
=ACF  \\$aPrevious copyright fee: GBP22.50$c5\1$e01-jan-2013$fGBP22.50$g0$hP$5Uk
=ACF  \\$aPrevious copyright fee: GBP23.40$c5\1$e01-jan-2018$fGBP23.40$g0$hP$5Uk
=CAT  \\$aCONV$b00$c20040425$lBLL90$h0712
=CAT  \\$aBATCH$b00$c20091216$lBLL01$h0216
=CAT  \\$aCDS08-UPD$b40$c20100926$lBLL01$h1956
=CAT  \\$aWR10_164$c20101215$lBLL01$h1510
=CAT  \\$aWR11_155$c20111021$lBLL01$h1330
=CAT  \\$aWR11_155$c20111114$lBLL01$h1647
=CAT  \\$aBATCH-UPD$b00$c20111123$lBLL01$h1852
=CAT  \\$aIPL-CLA$c20111230$lBLL01$h2013
=CAT  \\$aBATCH-CLA$b00$c20121109$lBLL01$h1734
=CAT  \\$aBATCH-UPD$b00$c20121121$lBLL01$h1655
=CAT  \\$aIPL-CLA$c20121231$lBLL01$h1308
=CAT  \\$aIPL-CLA$c20130102$lBLL01$h1725
=CAT  \\$aWR13.005$c20130323$lBLL01$h1509
=CAT  \\$aBATCH-CLA$b00$c20140125$lBLL01$h1309
=CAT  \\$aBATCH-CLA$c20140225$lBLL01$h2318
=CAT  \\$aBLDSS-3PM$b00$c20141222$lBLL01$h1712
=CAT  \\$a10876$b40$c20150429$lBLL01$h0949
=CAT  \\$a11316$b40$c20150508$lBLL01$h1226
=CAT  \\$aBATCH-UPD$b40$c20160517$lBLL01$h2015
=CAT  \\$aBATCH-UPD$b40$c20171121$lBLL01$h1742
=CAT  \\$aW1711-1005$c20171206$lBLL01$h1815
=CAT  \\$aIPL-CLA$c20171231$lBLL01$h1622
=CAT  \\$aBATCH-UPD$b00$c20190521$lBLL01$h1434
=CAT  \\$aIPL-CLA$c20190630$lBLL01$h1531
=CAT  \\$aBATCH-UPD$b00$c20211119$lBLL01$h1552
=CAT  \\$aIPL-CLA$c20211231$lBLL01$h1541
=CFI  0\$aCurrent copyright fee: GBP34.30$c5\1$e01-jan-2022$fGBP34.30$g0$hP$5Uk
=CFI  2\$aPrevious copyright fee: GBP32.84$c5\1$e01-jul-2019$fGBP32.84$g0$hP$5Uk
=EST  \\$a1
=FFP  \\$aY$bBLDSS-3PM
=FIN  \\$aY
=FMT  \\$a  SE
=LAS  \\$aIPL-CLA$b00$c20211231$lBLL01$h1541
=LEO  \\$aMP10.0000629470
=LET  \0$aBest practice & research. Clinical gastroenterology (Electronic)
=LKR  \\$aPAR$b011096770$lBLL01$nBest practice & research. Clinical gastroenterology (Print)$mBest practice & research. Clinical gastroenterology (Online)$r776
=MIS  \\$ak-sep
=MNI  \\$a1521-6918
=SID  \\$aZ39$bOCLC
=SRC  \\$aDSS01$bbibmp10.200404.2.aa
=TCO  \\$aCLA$bCLA$c008
=TOC  \\$aETOC

