=LDR  05412cas a2201237 a 4500
=001  012432202
=003  Uk
=005  20211231154143.0
=006  m\\\\\o\\d\\\\\\\\
=007  cr\|n|||||||||
=008  010709c20019999ne\bx\poo\\\\\0\\\a0eng\d
=015  \\$aGBB560783$2bnb
=016  7\$a101121149$2dnlm
=019  c\$a102608618
=022  \\$a1532-1770$y1521-6942
=030  \\$aBPRCC7
=035  \\$a(OCoLC)641504059$z(OCoLC)858597665
=037  \\$aISSN_15216942$bPortico$nElsevier
=040  \\$aPPiU$cCUD$dOCLCQ$dOCLCO$dUk
=042  \\$aukblsr
=050  \4$aRC927$b.B335
=060  00$aW1$bBA46EM
=082  04$a616.723005$223
=130  0\$aBest practice and research.$pClinical rheumatology (Online)
=245  10$aBest practice & research.$pClinical rheumatology$h[electronic resource].
=246  30$aClinical rheumatology
=246  3\$aBest practice and research.$pClinical rheumatology
=260  \\$aLondon :$bBaillière Tindall,$cc2001-
=264  31$a[Amsterdam] :$bElsevier
=310  \\$aSix no. a year,$b2004-
=321  \\$aFive no. a year,$b<-2003>
=336  \\$atext$2rdacontent
=337  \\$acomputer$2rdamedia
=338  \\$aonline resource$2rdacarrier
=362  0\$aVol. 15, no. 1 (Mar. 2001)-
=500  \\$aImprint varies.
=500  \\$aEach issue has also a distinctive title.
=538  \\$aMode of access: World Wide Web.
=540  \\$aCurrent copyright fee: GBP34.30$c5\1$5Uk
=588  \\$aLatest issue consulted: volume 28, issue 5 (October 2014) (ScienceDirect, viewed May 8, 2015).
=595  \\$aFORMERLY 1856.71695 CHANGE BETWEEN VOL. 14(4), 2000 AND 15(2), 2001 SEE ALSO 1856.71695 FOR CUL HOLDINGS.
=650  \0$aRheumatology$vPeriodicals.
=650  12$aRheumatic Diseases$vPeriodicals.
=650  17$aReumatologie.$2gtt
=776  08$iPrint version:$tBest practice and research. Clinical rheumatology$x1521-6942
=780  00$tBaillière's best practice & research. Clinical rheumatology (Online)
=852  41$aBritish Library$bSTI$jELD Digital store$3Volume 29:Issue 1(2015:Feb.)-***Previous issues available in print copy
=852  41$aBritish Library$bDSC$j1942.327831$31999 VOL 13 NUMB 1-Volume 25:Issue 6(2011)***See ESTAR for full holdings.
=856  \\$31850-9999$uhttp://www.elsevier.com/journals$xBLDSS
=856  40$uhttp://www.sciencedirect.com/science/journal/15216942
=859  \\$aELD$bejournal
=945  \\$aBEST PRACTICE AND RESEARCH CLINICAL RHEUMATOLOGY.
=959  \\$fHeld but not currently received
=985  \\$aCorrected by MS generated file for WR# 12.018
=985  \\$a222 not included. ISSN do not follow title changes in BL collection records - SF 8/5/2015
=A02  \\$a102608618
=ACF  \\$aPrevious copyright fee: GBP19.00$c5\9$e01-jan-2008$fGBP19.00$g0$hP$5Uk
=ACF  \\$aPrevious copyright fee: GBP18.00$c5\9$e01-apr-2004$fGBP18.00$g0$hP$5Uk
=ACF  \\$aCurrent copyright fee: GBP20.00$c5\9$e01-jan-2003$fGBP20.00$g0$hP$5Uk
=ACF  \\$aCurrent copyright fee: GBP5.00$c0$e01-jul-2002$fGBP5.00$g0$hA$5Uk
=ACF  \\$aPrevious copyright fee: GBP20.00$c5\1$e01-jan-2009$fGBP20.00$g0$hP$5Uk
=ACF  \\$aPrevious copyright fee: GBP21.00$c5\1$e01-jan-2012$fGBP21.00$g0$hP$5Uk
=ACF  \\$aPrevious copyright fee: GBP22.50$c5\1$e01-jan-2013$fGBP22.50$g0$hP$5Uk
=ACF  \\$aPrevious copyright fee: GBP23.40$c5\1$e01-jan-2018$fGBP23.40$g0$hP$5Uk
=CAT  \\$aCONV$b00$c20040425$lBLL90$h0712
=CAT  \\$aWR11_155$c20111114$lBLL01$h1647
=CAT  \\$aBATCH-UPD$b00$c20111123$lBLL01$h1852
=CAT  \\$aIPL-CLA$c20111230$lBLL01$h2013
=CAT  \\$aCDS12-UPD$b40$c20120116$lBLL01$h1728
=CAT  \\$aBLSS-CORR$b00$c20120724$lBLL01$h1759
=CAT  \\$aBATCH-CLA$b00$c20121109$lBLL01$h1734
=CAT  \\$aBATCH-UPD$b00$c20121121$lBLL01$h1655
=CAT  \\$aIPL-CLA$c20121231$lBLL01$h1308
=CAT  \\$aIPL-CLA$c20130102$lBLL01$h1725
=CAT  \\$aWR13.005$c20130323$lBLL01$h1509
=CAT  \\$aBATCH-CLA$b00$c20140125$lBLL01$h1309
=CAT  \\$aBATCH-CLA$c20140225$lBLL01$h2318
=CAT  \\$aBLDSS-3PM$b00$c20141222$lBLL01$h1712
=CAT  \\$a10876$b40$c20150429$lBLL01$h1039
=CAT  \\$a11316$b40$c20150508$lBLL01$h1148
=CAT  \\$a11316$b40$c20150508$lBLL01$h1150
=CAT  \\$a11316$b40$c20150508$lBLL01$h1230
=CAT  \\$aBATCH-UPD$b40$c20160522$lBLL01$h2346
=CAT  \\$aBATCH-UPD$b40$c20171121$lBLL01$h1742
=CAT  \\$aW1711-1005$c20171206$lBLL01$h1815
=CAT  \\$aIPL-CLA$c20171231$lBLL01$h1622
=CAT  \\$aBATCH-UPD$b00$c20190521$lBLL01$h1434
=CAT  \\$aIPL-CLA$c20190630$lBLL01$h1531
=CAT  \\$aBATCH-UPD$b00$c20211119$lBLL01$h1552
=CAT  \\$aIPL-CLA$c20211231$lBLL01$h1541
=CFI  0\$aCurrent copyright fee: GBP34.30$c5\1$e01-jan-2022$fGBP34.30$g0$hP$5Uk
=CFI  2\$aPrevious copyright fee: GBP32.84$c5\1$e01-jul-2019$fGBP32.84$g0$hP$5Uk
=EST  \\$a1
=FFP  \\$aY$bBLDSS-3PM
=FIN  \\$aY
=FMT  \\$a  SE
=LAS  \\$aIPL-CLA$b00$c20211231$lBLL01$h1541
=LEO  \\$aMP10.0000629472
=LET  \0$aBest practice and research. Clinical rheumatology (Electronic)
=LKR  \\$aPAR$b011096772$lBLL01$nBest practice & research. Clinical rheumatology (Print)$mBest practice & research. Clinical rheumatology (Online)$r776
=MIS  \\$ak-sep
=MNI  \\$a1521-6942
=SID  \\$aZ39$bOCLC
=SRC  \\$aDSS01$bbibmp10.200404.2.aa
=TCO  \\$aCLA$bCLA$c008
=TOC  \\$aETOC

