=LDR  05156cas a2201189 a 4500
=001  012432741
=003  Uk
=005  20221008111940.0
=006  m\\\\fo\\d\\\\\\\\
=007  cr||||||||||||
=008  010223c20009999vratr\pso\\\\\0\\\a0eng\c
=010  \\$a2001252326
=015  \\$aGBB350379$2bnb
=019  c\$a102587585
=022  0\$a1839-3330$y1442-8903
=037  \\$aISSN_14427001$bPortico$nWiley
=040  \\$aCUS$beng$cCUS$dWAU$dMYG$dOCLCQ$dAGL$dOCLCQ$dDLC$dUQ1$dOCLCQ$dOCLCO$dUk
=042  \\$aukblsr
=050  14$aQH75.A1
=082  04$a577.05$223
=130  0\$aEcological management & restoration (Online)
=222  \0$aEcological management & restoration$b(Online)
=245  10$aEcological management & restoration$h[electronic resource].
=246  3\$aEcological management and restoration
=260  \\$a[Carlton, Vic.] :$bBlackwell Science
=264  31$aMalden :$bJohn Wiley & Sons Inc
=310  \\$aThree issues a year
=336  \\$atext$2rdacontent
=337  \\$acomputer$2rdamedia
=338  \\$aonline resource$2rdacarrier
=362  0\$aVol. 1, issue 1 (Apr. 2000)-
=500  \\$aTitle from table of contents page (viewed Feb. 23, 2001).
=500  \\$aPublished on behalf of the Ecological Society of Australia Inc.
=530  \\$aAlso issued in print.
=538  \\$aMode of access: World Wide Web.
=540  \\$aCurrent Copyright Fee: GBP32.00$c35\0$5Uk
=588  \\$aLatest issue consulted: : volume 14, issue 1 (January 2013) (Wiley Online Library, viewed May 14, 2013).
=650  \0$aEcosystem management$vPeriodicals.
=650  \0$aRestoration ecology$vPeriodicals.
=710  2\$aEcological Society of Australia.
=776  1\$tEcological management & restoration$x1442-7001
=852  41$aBritish Library$bHMNTS$jELD Digital store$3Volume 14:Number 1(2013)-
=852  41$aBritish Library$bDSC$j3648.885000$3Volume 1:Issue 1(2000)-Volume 15:Issue 3(2014)***See ESTAR for full holdings.
=856  \\$31850-9999$uhttp://onlinelibrary.wiley.com/$xBLDSS
=856  40$uhttp://onlinelibrary.wiley.com/journal/10.1111/(ISSN)1442-8903/issues
=856  40$uhttp://www.blackwell-synergy.com/member/institutions/issuelist.asp?journal=emr
=859  \\$aELD$bejournal
=945  \\$aECOLOGICAL MANAGEMENT AND RESTORATION.
=959  \\$fHeld but not currently received
=979  \\$aBritish Library$bDSC$j3648.885000
=985  \\$aCorrected by BSS-generated file for WR# 08/157
=985  \\$aCorrected by MS generated file for WR# 12.018
=985  \\$aISSN UK Centre note: ISSN 1839-3330 confirmed by ISSN Australia as correct ISSN for online version - correspondence May 2013.
=985  \\$aCONFERENCE ANALYTIC RECORDS EXIST
=A02  \\$a102587585
=ACF  \\$aCurrent copyright fee: GBP13.00$c10\0$e01-apr-2003$fGBP13.00$g0$hP$5Uk
=ACF  \\$aCurrent copyright fee: GBP13.00$c10\3$e01-jan-2002$fGBP13.00$g0$hP$5Uk
=ACF  \\$aPrevious copyright fee: GBP15.00$c10\0$e01-apr-2004$fGBP15.00$g0$hP$5Uk
=ACF  \\$aPrevious copyright fee: GBP22.00$c10\0$e01-jan-2006$fGBP22.00$g0$hP$5Uk
=ACF  \\$aPrevious copyright fee: GBP24.00$c10\0$e01-mar-2015$fGBP24.00$g0$hP$5Uk
=ACF  \\$aPrevious copyright fee: GBP24.00$c35\0$e07-mar-2017$fGBP24.00$g0$hP$5Uk
=CAT  \\$aCONV$b00$c20040425$lBLL90$h0712
=CAT  \\$a11316$b40$c20130514$lBLL01$h1107
=CAT  \\$a8201$b40$c20130522$lBLL01$h0915
=CAT  \\$aWR13.114$c20130717$lBLL01$h1312
=CAT  \\$aBATCH-PORT$c20130829$lBLL01$h1113
=CAT  \\$aBATCH-CLA$b00$c20140125$lBLL01$h1253
=CAT  \\$aWR14_009$c20140204$lBLL01$h2343
=CAT  \\$aBATCH-CLA$c20140225$lBLL01$h2319
=CAT  \\$a10997$b40$c20140515$lBLL01$h1131
=CAT  \\$aBLDSS-3PM$b00$c20141214$lBLL01$h1521
=CAT  \\$aBATCH-UPD$b00$c20150215$lBLL01$h1623
=CAT  \\$aIPL-CLA$c20150228$lBLL01$h2046
=CAT  \\$aCDS15-UPD$b40$c20150918$lBLL01$h1639
=CAT  \\$aBATCH-UPD$b40$c20160616$lBLL01$h2145
=CAT  \\$aW1703-0316$c20170306$lBLL01$h1823
=CAT  \\$aW1703-0316$c20170307$lBLL01$h1647
=CAT  \\$aIPL-CLA$c20170307$lBLL01$h1823
=CAT  \\$aW1711-1005$c20171206$lBLL01$h1815
=CAT  \\$aBATCH-UPD$b00$c20180219$lBLL01$h1744
=CAT  \\$aBATCH-UPD$b00$c20181121$lBLL01$h1620
=CAT  \\$aIPL-CLA$c20181231$lBLL01$h1539
=CAT  \\$a5410$b40$c20191108$lBLL01$h1353
=CAT  \\$aR1911-0245$c20191127$lBLL01$h0822
=CAT  \\$aR1911-0245$c20191127$lBLL01$h1045
=CAT  \\$aIPL-CLA$c20191231$lBLL01$h1922
=CAT  \\$a5410$b40$c20221008$lBLL01$h1119
=CFI  0\$aCurrent Copyright Fee: GBP32.00$c35\0$e01-jan-2020$fGBP32.00$g0$hP$5Uk
=CFI  2\$aPrevious copyright fee: GBP28.00$c35\0$e01-jan-2019$fGBP28.00$g0$hP$5Uk
=EST  \\$a1
=FFP  \\$aY$bBLDSS-3PM
=FIN  \\$aY
=FMT  \\$a  SE
=LAS  \\$a5410$b40$c20221008$lBLL01$h1119
=LEO  \\$aMP10.0000630011
=LKR  \\$aPAR$b007845472$lBLL01$nEcological management & restoration (Print)$mEcological management & restoration (Online)$r776
=MNI  \\$a1442-7001
=SID  \\$aZ39$bOCLC
=SRC  \\$aDSS01$bbibmp10.200404.2.aa
=TCO  \\$aAUS$bCAL$c008
=TOC  \\$aETOC
=UNO  \\$aY

