=LDR  06692cas a2201405 a 4500
=001  012432946
=003  Uk
=005  20221231144431.0
=006  m\\\\\\\\d\\\\\\\\
=007  cr||||||||||||
=008  000913c19909999pauqr\pss\\\\\0\\\a0eng\c
=010  \\$a  2001214566
=015  \\$aGBB630925$2bnb
=019  c\$a102409891
=022  0\$a1532-7035
=035  \\$a(OCoLC)45007073
=037  \\$bPortico$aISSN_09362835$nTaylor & Francis
=040  \\$aOCoLC$beng$cOCoLC$dNSDP$dOCoLC$dCaQMUQ$dOCoLC$dUk
=042  \\$aukblsr
=050  \4$aLC3950
=082  04$a371.9$222
=130  0\$aExceptionality (Online)
=210  0\$aExceptionality$b(Online)
=222  \0$aExceptionality$b(Online)
=245  10$aExceptionality$h[electronic resource].
=260  \\$aNew York :$bSpringer International,$c[1990]-
=260  2\$a[Mahwah, NJ] :$bL. Erlbaum Associates
=260  3\$aPhiladelphia, PA :$bRoutledge / Taylor & Francis
=310  \\$aQuarterly
=336  \\$atext$2rdacontent
=337  \\$acomputer$2rdamedia
=338  \\$aonline resource$2rdacarrier
=362  1\$aPrint began with vol. 1, no. 1, published in 1990.
=500  \\$aDescription based on: Vol. 8, no. 1 (Mar. 2000); title from journal information screen (viewed July 26, 2000).
=500  \\$aLatest issue consulted: volume 24, issue 1 (2016) (Taylor & Francis Online, viewed March 2, 2016).
=538  \\$aMode of access: World Wide Web.
=540  \\$aCurrent copyright fee: GBP37.00$c2\0$5Uk
=595  \\$aSee also card index.
=650  \0$aSpecial education$vPeriodicals.
=650  \0$aExceptional children$vPeriodicals.
=690  7\$aSocial Welfare$2blcoll
=710  2\$aCouncil for Exceptional Children.$bDivision for Research.
=776  08$iAlso issued in print as:$tExceptionality
=852  41$aBritish Library$bHMNTS$jELD Digital store$3Volume 24:Issue 1(2016)-***Previous issues available in print copy
=852  41$aBritish Library$bDSC$j3835.550000$32000 VOL 8 PART 1-Volume 22:Issue 4(2014)***See ESTAR for full holdings.
=856  \\$31850-9999$uhttp://www.tandfonline.com/$xBLDSS
=856  4\$uhttp://firstsearch.oclc.org$zAddress for accessing the journal using authorization number and password through OCLC FirstSearch Electronic Collections Online
=856  4\$uhttp://www.catchword.com/rpsv/cw/erlbaum/09362835/contp1.htm$zLink no longer valid
=856  40$uhttp://www.informaworld.com/smpp/title~db=all~content=t775653647
=856  40$uhttp://www.tandfonline.com/toc/hexc20/current
=859  \\$aELD$bejournal
=945  \\$aExceptionality -Hillsdale-
=959  \\$fHeld but not currently received
=985  \\$aPrint ISSN free on portal.
=A02  \\$a102409891
=ACF  \\$aPrevious copyright fee: GBP17.00$c2\0$e03-jun-2010$fGBP17.00$g0$hP$5Uk
=ACF  \\$aCurrent copyright fee: GBP17.00$c30\0$e01-jan-2010$fGBP17.00$g0$hP$5Uk
=ACF  \\$aPrevious copyright fee: GBP16.00$c30\0$e01-jan-2009$fGBP16.00$g0$hP$5Uk
=ACF  \\$aPrevious Copyright Fee: GBP15.00$c30\0$e01-jan-2008$fGBP15.00$g0$hP$5Uk
=ACF  \\$aPrevious copyright fee: GBP12.00$c30\0$e01-jul-2007$fGBP12.00$g0$hP$5Uk
=ACF  \\$aPrevious copyright fee: GBP12.30$c30\0$e01-apr-2007$fGBP12.30$g0$hP$5Uk
=ACF  \\$aPrevious copyright fee: GBP12.97$c30\0$e01-oct-2006$fGBP12.97$g0$hP$5Uk
=ACF  \\$aPrevious copyright fee: GBP13.72$c30\0$e01-apr-2006$fGBP13.72$g0$hP$5Uk
=ACF  \\$aPrevious copyright fee: GBP13.33$c30\0$e01-jan-2006$fGBP13.33$g0$hP$5Uk
=ACF  \\$aPrevious copyright fee: GBP12.98$c30\0$e01-apr-2005$fGBP12.98$g0$hP$5Uk
=ACF  \\$aPrevious copyright fee: GBP13.33$c30\0$e01-jan-2005$fGBP13.33$g0$hP$5Uk
=ACF  \\$aPrevious copyright fee: GBP12.97$c30\0$e01-apr-2004$fGBP12.97$g0$hP$5Uk
=ACF  \\$aCurrent copyright fee: GBP14.11$c30\0$e01-jan-2004$fGBP14.11$g0$hP$5Uk
=ACF  \\$aCurrent copyright fee: GBP7.50$c30\0$e01-jan-2003$fGBP7.50$g0$hP$5Uk
=ACF  \\$aPrevious copyright fee: GBP21.00$c2\0$e01-jan-2011$fGBP21.00$g0$hP$5Uk
=ACF  \\$aPrevious copyright fee: GBP23.00$c2\0$e01-jan-2012$fGBP23.00$g0$hP$5Uk
=ACF  \\$aPrevious copyright fee: GBP23.50$c2\0$e01-jan-2013$fGBP23.50$g0$hP$5Uk
=ACF  \\$aPrevious copyright fee: GBP24.00$c2\0$e01-jan-2014$fGBP24.00$g0$hP$5Uk
=ACF  \\$aPrevious copyright fee: GBP25.00$c2\0$e01-jan-2015$fGBP25.00$g0$hP$5Uk
=ACF  \\$aPrevious copyright fee: GBP26.00$c2\0$e01-jan-2016$fGBP26.00$g0$hP$5Uk
=ACF  \\$aPrevious copyright fee: GBP28.00$c2\0$e01-jan-2017$fGBP28.00$g0$hP$5Uk
=ACF  \\$aPrevious copyright fee: GBP30.00$c2\0$e01-jan-2018$fGBP30.00$g0$hP$5Uk
=ACF  \\$aPrevious copyright fee: GBP32.00$c2\0$e01-jan-2019$fGBP32.00$g0$hP$5Uk
=ACF  \\$aPrevious copyright fee: GBP34.00$c2\0$e01-jan-2020$fGBP34.00$g0$hP$5Uk
=CAT  \\$aCONV$b00$c20040425$lBLL90$h0712
=CAT  \\$aBATCH-CLA$c20140225$lBLL01$h2319
=CAT  \\$aBATCH-UPD$b00$c20141124$lBLL01$h1802
=CAT  \\$aBLDSS-3PM$b00$c20141130$lBLL01$h1247
=CAT  \\$aCDS15-UPD$b40$c20141130$lBLL01$h1853
=CAT  \\$aIPL-CLA$c20141231$lBLL01$h1650
=CAT  \\$aBATCH-UPD$b00$c20151119$lBLL01$h1542
=CAT  \\$aIPL-CLA$c20151231$lBLL01$h1918
=CAT  \\$a11296$b40$c20160120$lBLL01$h1425
=CAT  \\$a8464$b40$c20160204$lBLL01$h1433
=CAT  \\$a11205$b40$c20160302$lBLL01$h1247
=CAT  \\$a11205$b40$c20160302$lBLL01$h1248
=CAT  \\$aBATCH-UPD$b40$c20160523$lBLL01$h0930
=CAT  \\$aBATCH-UPD$b40$c20161122$lBLL01$h1512
=CAT  \\$aIPL-CLA$c20161230$lBLL01$h2113
=CAT  \\$aBATCH-UPD$b00$c20171121$lBLL01$h1646
=CAT  \\$aW1711-1005$c20171206$lBLL01$h1815
=CAT  \\$aIPL-CLA$c20171231$lBLL01$h1623
=CAT  \\$aBATCH-UPD$b00$c20181217$lBLL01$h1637
=CAT  \\$aIPL-CLA$c20181231$lBLL01$h1539
=CAT  \\$aBATCH-UPD$b00$c20191122$lBLL01$h1859
=CAT  \\$aIPL-CLA$c20191231$lBLL01$h1922
=CAT  \\$aBATCH-UPD$b00$c20201118$lBLL01$h1333
=CAT  \\$aIPL-CLA$c20201231$lBLL01$h1528
=CAT  \\$aBATCH-UPD$b00$c20221121$lBLL01$h1346
=CAT  \\$aIPL-CLA$c20221231$lBLL01$h1444
=CFI  0\$aCurrent copyright fee: GBP37.00$c2\0$e01-jan-2023$fGBP37.00$g0$hP$5Uk
=CFI  2\$aPrevious copyright fee: GBP35.00$c2\0$e01-jan-2021$fGBP35.00$g0$hP$5Uk
=EST  \\$a1
=FFP  \\$aY$bBLDSS-3PM
=FIN  \\$aY
=FMT  \\$a  SE
=LAS  \\$aIPL-CLA$b00$c20221231$lBLL01$h1444
=LEO  \\$aMP10.0000630216
=LET  \0$aExceptionality (Electronic)
=LKR  \\$aPAR$b007860503$lBLL01$nExceptionality (Print)$mExceptionality (Online)$r776
=MNI  \\$a1532-7035
=SRC  \\$aDSS01$bbibmp10.200404.2.aa
=SRC  \\$aBLL02
=TCO  \\$aTRS$bCCC$c008
=TOC  \\$aETOC

