=LDR  04998cas a2201165 a 4500
=001  012433858
=003  Uk
=005  20211231154204.0
=006  m\\\\\o\\d\\\\\\\\
=007  cr\mnu||||||||
=008  040410c19789999njuqr\p\o\\\\\0\\\a0eng\\
=015  \\$aGBB348268$2bnb
=019  c\$a102229780
=022  0\$a1475-6803$l0270-2592$y0270-2592
=037  \\$aISSN_02702592$bPortico$nWiley
=040  \\$aUk$beng$cUk$dUk
=042  \\$aukblsr
=082  04$a332$222
=130  0\$aJournal of financial research (Online)
=210  0\$aJ. financ. res.$b(Online)
=222  \4$aThe journal of financial research$b(Online)
=245  14$aThe Journal of financial research$h[electronic resource].
=260  \\$aOxford, England :$bBlackwell
=264  31$aHoboken, NJ :$bWiley-Blackwell Publishing
=310  \\$aQuarterly
=336  \\$atext$2rdacontent
=337  \\$acomputer$2rdamedia
=338  \\$aonline resource$2rdacarrier
=362  1\$aPrint began with v. 1, no. 1 (winter 1978).
=530  \\$aAlso issued in print.
=538  \\$aMode of access: World Wide Web.
=540  \\$aCurrent copyright fee: GBP39.00$c35\0$5Uk
=550  \\$aPublished on behalf of the Southern Finance Association and the Southwestern Finance Association.
=588  \\$aLatest issue consulted: volume 42, number 3 (Fall 2019) (Wiley Online Library, viewed December 9, 2019).
=650  \0$aFinance$vPeriodicals.
=650  \0$aInvestments$vPeriodicals.
=690  7\$aManagement and Business Studies$2blcoll
=710  2\$aSouthern Finance Association.
=710  2\$aSouthwestern Finance Association (U.S.)
=776  1\$tJournal of financial research$x0270-2592
=852  41$aBritish Library$bHMNTS$jELD Digital store$3Volume 36:Number 1(2013:Spring)-***Previous issues available in print copy
=852  41$aBritish Library$bDSC$j4984.265000$32003 VOL 26 PART 2-Volume 34:Issue 4(2011)***See ESTAR for full holdings.
=856  \\$31850-9999$uhttp://onlinelibrary.wiley.com/$xBLDSS
=856  40$uhttp://www.blackwellpublishing.com/journal.asp?ref=0270-2592&site=1
=859  \\$aELD$bejournal
=945  \\$aJOURNAL OF FINANCIAL RESEARCH.
=959  \\$fHeld but not currently received
=963  \\$aVOL. 25, 2002- *A=1$bN$cL222.C.1473
=985  \\$aCorrected by BSS-generated file for WR# 08/157
=985  \\$aCorrected by MS generated file for WR# 12.018
=985  \\$aISSN transferred from UK to U.S. (10/12/19)
=A02  \\$a102229780
=ACF  \\$aPrevious copyright fee: GBP16.00$c10\0$e01-jan-2006$fGBP16.00$g0$hP$5Uk
=ACF  \\$aPrevious copyright fee: GBP15.00$c10\0$e01-apr-2004$fGBP15.00$g0$hP$5Uk
=ACF  \\$aCurrent copyright fee: GBP13.00$c10\0$e01-apr-2003$fGBP13.00$g0$hP$5Uk
=ACF  \\$aCurrent copyright fee: GBP13.00$c10\6$e01-apr-2002$fGBP13.00$g0$hP$5Uk
=ACF  \\$aPrevious copyright fee: GBP17.00$c10\0$e01-jan-2009$fGBP17.00$g0$hP$5Uk
=ACF  \\$aPrevious copyright fee: GBP22.00$c10\0$e01-jan-2011$fGBP22.00$g0$hP$5Uk
=ACF  \\$aPrevious copyright fee: GBP24.00$c10\0$e01-mar-2015$fGBP24.00$g0$hP$5Uk
=ACF  \\$aPrevious copyright fee: GBP24.00$c35\0$e07-mar-2017$fGBP24.00$g0$hP$5Uk
=ACF  \\$aPrevious copyright fee: GBP28.00$c35\0$e01-jan-2019$fGBP28.00$g0$hP$5Uk
=CAT  \\$aCONV$b00$c20040425$lBLL90$h0713
=CAT  \\$a8456$b40$c20130516$lBLL01$h1503
=CAT  \\$a8456$b40$c20130516$lBLL01$h1505
=CAT  \\$aWR13.114$c20130717$lBLL01$h1313
=CAT  \\$aBATCH-PORT$c20130829$lBLL01$h1114
=CAT  \\$aBATCH-CLA$b00$c20140125$lBLL01$h1307
=CAT  \\$aWR14_009$c20140204$lBLL01$h2343
=CAT  \\$aBATCH-CLA$c20140225$lBLL01$h2319
=CAT  \\$aBLDSS-3PM$b00$c20141214$lBLL01$h1521
=CAT  \\$aBATCH-UPD$b00$c20150215$lBLL01$h1623
=CAT  \\$aIPL-CLA$c20150228$lBLL01$h2046
=CAT  \\$aBATCH-UPD$b00$c20160526$lBLL01$h1419
=CAT  \\$aW1703-0316$c20170306$lBLL01$h1823
=CAT  \\$aW1703-0316$c20170307$lBLL01$h1647
=CAT  \\$aIPL-CLA$c20170307$lBLL01$h1823
=CAT  \\$aW1711-1005$c20171206$lBLL01$h1815
=CAT  \\$aBATCH-UPD$b00$c20180219$lBLL01$h1745
=CAT  \\$aBATCH-UPD$b00$c20181121$lBLL01$h1620
=CAT  \\$aIPL-CLA$c20181231$lBLL01$h1540
=CAT  \\$aR1911-0245$c20191127$lBLL01$h0822
=CAT  \\$aR1911-0245$c20191127$lBLL01$h1045
=CAT  \\$a10806$b40$c20191209$lBLL01$h0903
=CAT  \\$a10806$b40$c20191210$lBLL01$h0912
=CAT  \\$aIPL-CLA$c20191231$lBLL01$h1922
=CAT  \\$aW2111-0842$c20211208$lBLL01$h1942
=CAT  \\$aIPL-CLA$c20211231$lBLL01$h1542
=CFI  0\$aCurrent copyright fee: GBP39.00$c35\0$e01-jan-2022$fGBP39.00$g0$hP$5Uk
=CFI  2\$aPrevious Copyright Fee: GBP32.00$c35\0$e01-jan-2020$fGBP32.00$g0$hP$5Uk
=EST  \\$a1
=FFP  \\$aY$bBLDSS-3PM
=FIN  \\$aY
=FMT  \\$a  SE
=LAS  \\$aIPL-CLA$b00$c20211231$lBLL01$h1542
=LEO  \\$aMP10.0000631128
=MNI  \\$a0270-2592
=SRC  \\$aDSS01$bbibmp10.200404.2.aa
=TCO  \\$aTRS$bCCC$c008
=TOC  \\$aETOC
=UNO  \\$aY

