=LDR  07705cas a2201441 i 4500
=001  012433950
=003  Uk
=005  20220930142625.0
=006  m\\\\\\\\d\\\\\\\\
=007  cr||||||||||||
=008  040410d19972004nyubr\p\s\\\\\0\\\a0eng\\
=019  c\$a102548128
=022  \\$y1092-6429
=040  \\$aUk$beng$cUk$dUk$erda
=042  \\$aukblsr
=082  04$a617.91$223
=245  00$aJournal of laparoendoscopic & advanced surgical techniques.$nPart A.
=246  3\$aJournal of laparoendoscopic and advanced surgical techniques.$nPart A
=264  \1$aLarchmont, NY :$bMary Ann Liebert, Inc.,$c1997-2004.
=310  \\$aBi-monthly
=336  \\$atext$2rdacontent
=337  \\$acomputer$2rdamedia
=338  \\$aonline resource$2rdacarrier
=362  0\$aVol. 7, no. 1 (Feb. 1997)-v. 14, no. 6 (Dec. 2004).
=500  \\$aTitle from title screen via ESTAR.
=538  \\$aMode of access: Internet
=540  \\$aCurrent copyright fee: GBP42.50$c18\0$5Uk
=580  \\$aMerged with: Pediatric endosurgery & innovative techniques, to form: Journal of laparoendoscopic & advanced surgical techniques.
=588  \\$aDescription based on print version record.
=588  \\$aLatest issue consulted: volume 14, issue 6 (December 2004) (Publisher's web site, viewed May 3, 2016).
=595  \\$aFORMERLY 5010.099 UP TO VOL. 6, 1996.
=650  \0$aLaparoscopic surgery$vPeriodicals.
=650  \0$aEndoscopic surgery$vPeriodicals.
=776  08$iAlso issued in print as:$tJournal of laparoendoscopic & advanced surgical techniques. Part A$x1092-6429
=780  01$tJournal of laparoendoscopic surgery$x2332-502X
=785  17$tJournal of laparoendoscopic and advanced surgical techniques
=785  17$tPediatric endosurgery & innovative techniques (Online)$x1557-7694
=852  41$aBritish Library$bDSC$j5010.098500$3aug-2000 VOL 10 PART 4-Volume 14:Part 6(2004)***See ESTAR for full holdings
=856  40$31850-9999$uhttp://www.liebertpub.com/$xBLDSS
=856  40$uhttp://online.liebertpub.com/loi/LAP
=945  \\$aJournal of laparoendoscopic and advanced surgical techniques
=959  \\$fHeld but not currently received
=985  \\$aNot in line with ISSN changes of title.
=A02  \\$a102548128
=ACF  \\$aPrevious copyright fee: GBP31.88$c18\0$e01-jul-2011$fGBP31.88$g0$hP$5Uk
=ACF  \\$aPrevious copyright fee: GBP32.90$c18\0$e01-jan-2011$fGBP32.90$g0$hP$5Uk
=ACF  \\$aPrevious copyright fee: GBP31.61$c18\0$e01-jul-2010$fGBP31.61$g0$hP$5Uk
=ACF  \\$aPrevious copyright fee: GBP29.70$c18\0$e01-apr-2010$fGBP29.70$g0$hP$5Uk
=ACF  \\$aPrevious copyright fee: GBP26.67$c18\0$e01-oct-2009$fGBP26.67$g0$hP$5Uk
=ACF  \\$aPrevious copyright fee: GBP31.43$c18\0$e01-apr-2009$fGBP31.43$g0$hP$5Uk
=ACF  \\$aPrevious copyright fee: GBP27.50$c18\0$e01-jan-2009$fGBP27.50$g0$hP$5Uk
=ACF  \\$aPrevious copyright fee: GBP22.00$c18\0$e01-jul-2007$fGBP22.00$g0$hP$5Uk
=ACF  \\$aPrevious copyright fee: GBP22.56$c18\0$e01-apr-2007$fGBP22.56$g0$hP$5Uk
=ACF  \\$aPrevious copyright fee: GBP23.79$c18\0$e01-jan-2007$fGBP23.79$g0$hP$5Uk
=ACF  \\$aPrevious Copyright Fee: GBP22.70$c18\0$e01-oct-2006$fGBP22.70$g0$hP$5Uk
=ACF  \\$aPrevious copyright fee: GBP24.00$c18\0$e01-apr-2006$fGBP24.00$g0$hP$5Uk
=ACF  \\$aPrevious copyright fee: GBP23.33$c18\0$e01-jan-2006$fGBP23.33$g0$hP$5Uk
=ACF  \\$aPrevious copyright fee: GBP22.70$c18\0$e01-apr-2005$fGBP22.70$g0$hP$5Uk
=ACF  \\$aPrevious copyright fee: GBP23.33$c18\0$e01-jan-2005$fGBP23.33$g0$hP$5Uk
=ACF  \\$aPrevious copyright fee: GBP22.70$c18\0$e01-apr-2004$fGBP22.70$g0$hP$5Uk
=ACF  \\$aCurrent copyright fee: GBP24.70$c18\0$e01-jan-2004$fGBP24.70$g0$hP$5Uk
=ACF  \\$aCurrent copyright fee: GBP23.13$c18\0$e01-jan-2003$fGBP23.13$g0$hP$5Uk
=ACF  \\$aPrevious copyright fee: GBP32.90$c18\0$e01-jan-2012$fGBP32.90$g0$hP$5Uk
=ACF  \\$aPrevious copyright fee: GBP30.91$c18\0$e01-jul-2012$fGBP30.91$g0$hP$5Uk
=ACF  \\$aPrevious copyright fee: GBP31.88$c18\0$e01-jan-2013$fGBP31.88$g0$hP$5Uk
=ACF  \\$aPrevious copyright fee: GBP32.90$c18\0$e01-jul-2013$fGBP32.90$g0$hP$5Uk
=ACF  \\$aPrevious copyright fee: GBP31.88$c18\0$e01-jan-2014$fGBP31.88$g0$hP$5Uk
=ACF  \\$aPrevious copyright fee: GBP30.91$c18\0$e01-jul-2014$fGBP30.91$g0$hP$5Uk
=ACF  \\$aPrevious copyright fee: GBP32.90$c18\0$e01-apr-2015$fGBP32.90$g0$hP$5Uk
=ACF  \\$aPrevious copyright fee: GBP34.00$c18\0$e01-jul-2015$fGBP34.00$g0$hP$5Uk
=ACF  \\$aPrevious copyright fee: GBP32.90$c18\0$e01-oct-2015$fGBP32.90$g0$hP$5Uk
=ACF  \\$aPrevious copyright fee: GBP35.17$c18\0$e01-apr-2016$fGBP35.17$g0$hP$5Uk
=ACF  \\$aPrevious copyright fee: GBP37.78$c18\0$e01-oct-2016$fGBP37.78$g0$hP$5Uk
=ACF  \\$aPrevious copyright fee: GBP40.80$c18\0$e01-apr-2017$fGBP40.80$g0$hP$5Uk
=ACF  \\$aPrevious copyright fee: GBP39.23$c18\0$e01-oct-2017$fGBP39.23$g0$hP$5Uk
=ACF  \\$aPrevious copyright fee: GBP36.43$c18\0$e01-apr-2018$fGBP36.43$g0$hP$5Uk
=ACF  \\$aPrevious copyright fee: GBP39.23$c18\0$e01-oct-2018$fGBP39.23$g0$hP$5Uk
=ACF  \\$aPrevious copyright fee: GBP40.80$c18\0$e01-oct-2019$fGBP40.80$g0$hP$5Uk
=ACF  \\$aPrevious copyright fee: GBP39.23$c18\0$e01-apr-2020$fGBP39.23$g0$hP$5Uk
=ACF  \\$aPrevious copyright fee: GBP40.80$c18\0$e01-jul-2020$fGBP40.80$g0$hP$5Uk
=ACF  \\$aPrevious copyright fee: GBP37.78$c18\0$e01-apr-2021$fGBP37.78$g0$hP$5Uk
=ACF  \\$aPrevious copyright fee: GBP36.43$c18\0$e07-jul-2021$fGBP36.43$g0$hP$5Uk
=CAT  \\$aCONV$b00$c20040425$lBLL90$h0713
=CAT  \\$aBATCH-UPD$b40$c20160524$lBLL01$h2246
=CAT  \\$aBATCH-UPD$b40$c20160824$lBLL01$h1731
=CAT  \\$aIPL-CLA$c20160930$lBLL01$h1559
=CAT  \\$aBATCH-UPD$b00$c20170216$lBLL01$h1818
=CAT  \\$aIPL-CLA$c20170331$lBLL01$h1841
=CAT  \\$aBATCH-UPD$b00$c20170904$lBLL01$h1823
=CAT  \\$aIPL-CLA$c20170929$lBLL01$h1725
=CAT  \\$aBATCH-UPD$b00$c20180223$lBLL01$h1639
=CAT  \\$aIPL-CLA$c20180331$lBLL01$h1615
=CAT  \\$aBATCH-UPD$b00$c20180823$lBLL01$h1923
=CAT  \\$aIPL-CLA$c20180930$lBLL01$h1500
=CAT  \\$aBATCH-UPD$b00$c20190829$lBLL01$h1509
=CAT  \\$aIPL-CLA$c20190930$lBLL01$h1635
=CAT  \\$aBATCH-UPD$b00$c20200219$lBLL01$h1453
=CAT  \\$aIPL-CLA$c20200331$lBLL01$h1612
=CAT  \\$aBATCH-UPD$b00$c20200522$lBLL01$h1441
=CAT  \\$aIPL-CLA$c20200701$lBLL01$h0053
=CAT  \\$aBATCH-UPD$b00$c20210226$lBLL01$h1022
=CAT  \\$aIPL-CLA$c20210331$lBLL01$h1659
=CAT  \\$aBATCH-UPD$b00$c20210707$lBLL01$h1546
=CAT  \\$aIPL-CLA$c20210707$lBLL01$h1843
=CAT  \\$aBATCH-UPD$b00$c20220520$lBLL01$h1622
=CAT  \\$aIPL-CLA$c20220630$lBLL01$h1537
=CAT  \\$aBATCH-UPD$b00$c20220824$lBLL01$h0850
=CAT  \\$aIPL-CLA$c20220930$lBLL01$h1426
=CFI  0\$aCurrent copyright fee: GBP42.50$c18\0$e01-oct-2022$fGBP42.50$g0$hP$5Uk
=CFI  2\$aPrevious copyright fee: GBP40.80$c18\0$e01-jul-2022$fGBP40.80$g0$hP$5Uk
=EST  \\$a1
=FFP  \\$aY$bBLDSS-3PM
=FIN  \\$aY
=FMT  \\$a  SE
=LAS  \\$aIPL-CLA$b00$c20220930$lBLL01$h1426
=LEO  \\$aMP10.0000631220
=LKR  \\$aPAR$b010490433$lBLL01$nJournal of laparoendoscopic & advanced surgical techniques. Part A (Print)$mJournal of laparoendoscopic & advanced surgical techniques. Part A (Online)$r776
=LKR  \\$aPAR$b012434690$lBLL01$r78517$mJournal of laparoendoscopic & advanced surgical techniques. Part A (Online)$nPediatric endosurgery & innovative techniques (Online)
=MNI  \\$a1092-6429
=SRC  \\$aDSS01$bbibmp10.200404.2.aa
=TCO  \\$aTRS$bCCC$c008
=TOC  \\$aETOC
=UNO  \\$aY

