=LDR  04953cas a2201141 a 4500
=001  012434098
=003  Uk
=005  20211231154208.0
=006  m\\\\\o\\d\\\\\\\\
=007  cr\mnu||||||||
=008  040410c19939999enkqr\p\o\\\\\0\\\a0eng\\
=015  \\$aGBB348823$2bnb
=019  c\$a102479975
=022  0\$a1467-9760$l0963-8016$y0963-8016
=037  \\$aISSN_09638016$bPortico$nWiley
=040  \\$aUk$cUk$dUk
=042  \\$aukblsr
=082  04$a320.01
=130  0\$aJournal of political philosophy (Online)
=210  0\$aJ. polit. philos.$b(Online)
=222  \0$aJournal of political philosophy$b(Online)
=245  14$aThe journal of political philosophy$h[electronic resource].
=260  \\$aOxford, England :$bBlackwell.
=264  31$a[Oxford] :$bWiley
=310  \\$aFour issues yearly
=336  \\$atext$2rdacontent
=337  \\$acomputer$2rdamedia
=338  \\$aonline resource$2rdacarrier
=362  1\$aPrint began with vol. 1, no. 1 (Mar. 1993)-
=530  \\$aAlso issued in print.
=538  \\$aMode of access: World Wide Web.
=540  \\$aCurrent copyright fee: GBP39.00$c35\0$5Uk
=588  \\$aLatest issue consulted: volume 26, issue 4 (December 2018) (Wiley Online Library, viewed February 6, 2019).
=650  \0$aPolitical science$xPhilosophy$vPeriodicals.
=776  1\$tJournal of political philosophy (Print)$x0963-8016
=852  41$aBritish Library$bHMNTS$jELD Digital store$3Volume 21:Number 1(2013:Mar.)-***Previous issues available in print copy
=852  41$aBritish Library$bDSC$j5040.886000$3jun-2003 VOL 11 PART 2-Volume 19:Issue 4(2011)***See ESTAR for full holdings.
=856  \\$31850-9999$uhttp://onlinelibrary.wiley.com/$xBLDSS
=856  40$uhttp://www.blackwellpublishers.co.uk/asp/journal.asp?ref=0963-8016
=856  40$uhttps://onlinelibrary.wiley.com/journal/14679760
=859  \\$aELD$bejournal
=945  \\$aJOURNAL OF POLITICAL PHILOSOPHY.
=959  \\$fHeld but not currently received
=963  \\$aVOL. 1(2), 1993- *A=1$bY$cL206.C.192
=985  \\$aCorrected by BSS-generated file for WR# 08/157
=985  \\$aISSN UK Centre note: responsibilirt transferred to US Center 6.2.19 (multinational publisher).
=A02  \\$a102479975
=ACF  \\$aPrevious copyright fee: GBP16.00$c10\0$e01-jan-2006$fGBP16.00$g0$hP$5Uk
=ACF  \\$aPrevious copyright fee: GBP15.00$c10\0$e01-apr-2004$fGBP15.00$g0$hP$5Uk
=ACF  \\$aCurrent copyright fee: GBP13.00$c10\0$e01-apr-2003$fGBP13.00$g0$hP$5Uk
=ACF  \\$aCurrent copyright fee: GBP13.00$c10\6$e01-apr-2002$fGBP13.00$g0$hP$5Uk
=ACF  \\$aPrevious copyright fee: GBP17.00$c10\0$e01-jan-2009$fGBP17.00$g0$hP$5Uk
=ACF  \\$aPrevious copyright fee: GBP22.00$c10\0$e01-jan-2011$fGBP22.00$g0$hP$5Uk
=ACF  \\$aPrevious copyright fee: GBP24.00$c10\0$e01-mar-2015$fGBP24.00$g0$hP$5Uk
=ACF  \\$aPrevious copyright fee: GBP24.00$c35\0$e07-mar-2017$fGBP24.00$g0$hP$5Uk
=ACF  \\$aPrevious copyright fee: GBP28.00$c35\0$e01-jan-2019$fGBP28.00$g0$hP$5Uk
=CAT  \\$aCONV$b00$c20040425$lBLL90$h0713
=CAT  \\$aWR12_168$c20121206$lBLL01$h1814
=CAT  \\$aWR13.005$c20130323$lBLL01$h1510
=CAT  \\$a8456$b40$c20130517$lBLL01$h0844
=CAT  \\$aWR13.114$c20130717$lBLL01$h1313
=CAT  \\$aBATCH-PORT$c20130829$lBLL01$h1114
=CAT  \\$aBATCH-CLA$b00$c20140125$lBLL01$h1308
=CAT  \\$aWR14_009$c20140204$lBLL01$h2343
=CAT  \\$aBATCH-CLA$c20140225$lBLL01$h2320
=CAT  \\$aBLDSS-3PM$b00$c20141214$lBLL01$h1521
=CAT  \\$aBATCH-UPD$b00$c20150215$lBLL01$h1623
=CAT  \\$aIPL-CLA$c20150228$lBLL01$h2046
=CAT  \\$aBATCH-UPD$b00$c20160519$lBLL01$h2156
=CAT  \\$aW1703-0316$c20170306$lBLL01$h1823
=CAT  \\$aW1703-0316$c20170307$lBLL01$h1647
=CAT  \\$aIPL-CLA$c20170307$lBLL01$h1824
=CAT  \\$aW1711-1005$c20171206$lBLL01$h1815
=CAT  \\$aBATCH-UPD$b00$c20180219$lBLL01$h1745
=CAT  \\$aBATCH-UPD$b00$c20181121$lBLL01$h1621
=CAT  \\$aIPL-CLA$c20181231$lBLL01$h1540
=CAT  \\$a10973$b40$c20190206$lBLL01$h1704
=CAT  \\$aR1911-0245$c20191127$lBLL01$h0822
=CAT  \\$aR1911-0245$c20191127$lBLL01$h1045
=CAT  \\$aIPL-CLA$c20191231$lBLL01$h1922
=CAT  \\$aW2111-0842$c20211208$lBLL01$h1942
=CAT  \\$aIPL-CLA$c20211231$lBLL01$h1542
=CFI  0\$aCurrent copyright fee: GBP39.00$c35\0$e01-jan-2022$fGBP39.00$g0$hP$5Uk
=CFI  2\$aPrevious Copyright Fee: GBP32.00$c35\0$e01-jan-2020$fGBP32.00$g0$hP$5Uk
=EST  \\$a1
=FFP  \\$aY$bBLDSS-3PM
=FIN  \\$aY
=FMT  \\$a  SE
=LAS  \\$aIPL-CLA$b00$c20211231$lBLL01$h1542
=LEO  \\$aMP22.0000062213
=LEO  \\$aMP10.0000631368
=LKR  \\$aPAR$b010491596$lBLL01$r776$mJournal of political philosophy (Online)$nJournal of political philosophy
=MNI  \\$a0963-8016
=SRC  \\$aISN01$bbibmp22.200404.2.aa
=SRC  \\$aDSS01$bbibmp10.200404.2.aa
=TCO  \\$aCLA$bCLA$c008
=TOC  \\$aETOC
=UNO  \\$aY

