=LDR  05990cas a2201309 a 4500
=001  012434240
=003  Uk
=005  20230120135334.0
=006  m\\\\\\\\d\\\\\\\\
=007  cr\mnu||||||||
=008  991015c19989999nyu\x\mss\\\\\0\\\a0eng\d
=019  c\$a102201682
=022  0\$a2157-1716
=035  \\$a(OCoLC)42645347
=040  \\$aPIT$cPIT$dOCL$dOCLCQ$dMUQ$dOCLCS$dUk
=042  \\$aukblsr
=082  04$a616.61$222
=130  0\$aKidney international.$pSupplement (Online)
=210  0\$aKidney int. suppl.$b(Online)
=222  \0$aKidney international supplements$b(Online)
=245  10$aKidney international.$pSupplement$h[electronic resource].
=246  1\$iMinor title change:$aKidney international.$pSupplements,$fJune 2011-
=260  \\$a[New York] :$bBlackwell Science
=260  2\$32006-$a[S.l.] :$bNature Publishing Group
=264  31$32016-$a[Philadelphia] :$bElsevier
=310  \\$aIrregular
=336  \\$atext$2rdacontent
=337  \\$acomputer$2rdamedia
=338  \\$aonline resource$2rdacarrier
=362  1\$aBegan with Vol. 54, issue S67 (Sept. 1998).
=500  \\$aTitle from title screen.
=500  \\$aLatest issue consulted: Vol. 78, Issues S118 (Sept. 2010) (Nature Publishing Group website, viewed Nov. 9, 2010).
=510  2\$aChemical abstracts,$x0009-2258
=515  \\$aBegan new numbering series with: Vol. 1, issue 1 (June 2011)-
=530  \\$aAlso issued in print.
=538  \\$aMode of access: World Wide Web.
=540  \\$aCurrent copyright fee: GBP34.30$c5\1$5Uk
=550  \\$aOfficial journal of the International Society of Nephrology.
=580  \\$aSupplement to: Kidney international (Online).
=650  \0$aNephrology$vPeriodicals.
=650  \0$aKidneys$xDiseases$vPeriodicals.
=650  \2$aKidney Diseases$vCongresses.
=650  \2$aKidney.
=650  \2$aKidney Diseases.
=650  \6$aNéphrologie$vPériodiques.
=710  2\$aInternational Society of Nephrology.
=772  0\$tKidney international (Online)$x1523-1755
=776  1\$aKidney international. Supplement$x0098-6577
=852  41$aBritish Library$bDSC$j5094.301000$3jun-1998 ISSU 67-Volume 7:Issue 3(2017)***See ESTAR for full holdings.
=856  \\$31850-9999$uhttp://www.nature.com/$xBLDSS
=856  40$uhttp://gateway.ovid.com/ovidweb.cgi?T=JS&MODE=ovid&NEWS=n&PAGE=toc&D=ovft&AN=00005490-000000000-00000
=856  40$uhttp://www.nature.com/ki/index.html
=856  40$uhttp://136.142.56.160/ovidweb/ovidweb.cgi?T=JS&MODE=ovid&NEWS=N&PAGE=toc&D=ovid%5fovft&AN=00005490-000000000-00000$zAccess via Ovid for authorized Pitt and UPMC affiliated users
=945  \\$aKidney international -Supplement-.
=959  \\$fHeld but not currently received
=979  \\$aBritish Library$bDSC$j5094.301000
=985  \\$aCONFERENCE ANALYTIC RECORDS EXIST
=985  \\$aISSN has title change at 2011 but is really a minor change & so treated here. ISSN for current title appears in {dollar}y of 022
=A02  \\$a102201682
=ACF  \\$aPrevious Copyright Fee: GBP16.60$c16\0$e01-jan-2007$fGBP16.60$g0$hP$5Uk
=ACF  \\$aPrevious copyright fee: GBP16.22$c16\0$e01-oct-2006$fGBP16.22$g0$hP$5Uk
=ACF  \\$aPrevious copyright fee: GBP17.14$c16\0$e01-apr-2006$fGBP17.14$g0$hP$5Uk
=ACF  \\$aPrevious copyright fee: GBP16.67$c16\0$e01-jan-2006$fGBP16.67$g0$hP$5Uk
=ACF  \\$aPrevious copyright fee: GBP15.00$c10\0$e01-apr-2004$fGBP15.00$g0$hP$5Uk
=ACF  \\$aCurrent copyright fee: GBP13.00$c10\0$e01-apr-2003$fGBP13.00$g0$hP$5Uk
=ACF  \\$aCurrent copyright fee: GBP13.00$c10\2$e02-jan-2002$fGBP13.00$g0$hP$5Uk
=ACF  \\$aPrevious copyright fee: GBP22.00$c16\0$e01-oct-2010$fGBP22.00$g0$hP$5Uk
=ACF  \\$aPrevious copyright fee: GBP17.50$c16\0$e01-jan-2009$fGBP17.50$g0$hP$5Uk
=ACF  \\$aPrevious copyright fee: GBP22.50$c5\1$e11-dec-2015$fGBP22.50$g0$hP$5Uk
=ACF  \\$aPrevious copyright fee: GBP23.40$c5\1$e01-jan-2018$fGBP23.40$g0$hP$5Uk
=CAT  \\$aCONV$b00$c20040425$lBLL90$h0713
=CAT  \\$a12654$b40$c20110725$lBLL01$h1126
=CAT  \\$aBATCH-CLA$b00$c20121109$lBLL01$h1734
=CAT  \\$aWR12_168$c20121206$lBLL01$h1814
=CAT  \\$aWR13.005$c20130323$lBLL01$h1510
=CAT  \\$a5552$b40$c20131016$lBLL01$h0912
=CAT  \\$a10934$b40$c20131203$lBLL01$h1424
=CAT  \\$aBATCH-CLA$b00$c20140125$lBLL01$h1310
=CAT  \\$aBATCH-CLA$c20140225$lBLL01$h2320
=CAT  \\$aBLDSS-3PM$b00$c20150111$lBLL01$h1520
=CAT  \\$a8055$b40$c20151118$lBLL01$h1138
=CAT  \\$a5552$b40$c20151211$lBLL01$h0849
=CAT  \\$a8439$b40$c20151229$lBLL01$h1451
=CAT  \\$aBATCH-UPD$b40$c20160524$lBLL01$h2148
=CAT  \\$aBATCH-UPD$b40$c20160524$lBLL01$h2157
=CAT  \\$a8124$b40$c20170316$lBLL01$h1126
=CAT  \\$a11315$b40$c20171011$lBLL01$h0917
=CAT  \\$a8055$b40$c20171011$lBLL01$h1316
=CAT  \\$aBATCH-UPD$b40$c20171121$lBLL01$h1742
=CAT  \\$aIPL-CLA$c20171231$lBLL01$h1623
=CAT  \\$a8055$b40$c20180102$lBLL01$h1125
=CAT  \\$aW1805-0471$c20180520$lBLL01$h1138
=CAT  \\$aBATCH-UPD$b00$c20190521$lBLL01$h1434
=CAT  \\$aIPL-CLA$c20190630$lBLL01$h1532
=CAT  \\$aBATCH-UPD$b00$c20211119$lBLL01$h1552
=CAT  \\$aIPL-CLA$c20211231$lBLL01$h1542
=CAT  \\$a5410$b40$c20230120$lBLL01$h1353
=CFI  0\$aCurrent copyright fee: GBP34.30$c5\1$e01-jan-2022$fGBP34.30$g0$hP$5Uk
=CFI  2\$aPrevious copyright fee: GBP32.84$c5\1$e01-jul-2019$fGBP32.84$g0$hP$5Uk
=EST  \\$a1
=FFP  \\$aY$bBLDSS-3PM
=FIN  \\$aY
=FMT  \\$a  SE
=LAS  \\$a5410$b40$c20230120$lBLL01$h1353
=LEO  \\$aMP10.0000631510
=LKR  \\$aPAR$b011113896$lBLL01$r776$mKidney international. Supplement (Online)$nKidney international. Supplement (Print).
=LKR  \\$aPAR$b012434239$lBLL01$r772$mKidney international. Supplement (Online)$nKidney international (Online)
=MNI  \\$a2157-1724
=SID  \\$aZ39$bOCLC
=SRC  \\$aDSS01$bbibmp10.200404.2.aa
=TCO  \\$aTRS$bCCC$c008
=TOC  \\$aETOC

