=LDR  08803cas a2201657 a 4500
=001  012434690
=003  Uk
=005  20220930142627.0
=006  m\\\\\o\\d\\\\\\\\
=007  cr\cnu||||||||
=008  010110d19972004nyuqr\pso\\\\\0\\\a0eng\c
=010  \\$a  2004700047
=019  c\$a102549582
=022  0\$a1557-7694$l1092-6410$21
=035  \\$a(OCoLC)45694899$z(OCoLC)49665942$z(OCoLC)51281439
=040  \\$aF#A$beng$cF#A$dOCLCQ$dPIT$dOCLCS$dNSD$dPFM$dOCLCQ$dDLC$dOCLCF$dOCLCO$dOCLCQ$dUk
=042  \\$aukblsr
=082  04$a617.98$223
=130  0\$aPediatric endosurgery & innovative techniques (Online)
=210  0\$aPediatri. endosurg. innov. tech.$b(Online)
=222  \0$aPediatric endosurgery & innovative techniques$b(Online)
=245  10$aPediatric endosurgery & innovative techniques.
=246  3\$aPediatric endosurgery and innovative techniques
=260  \\$aLarchmont, NY :$bMary Ann Liebert, Inc.,$c[1997-2004].
=310  \\$aQuarterly
=336  \\$atext$btxt$2rdacontent
=337  \\$acomputer$bc$2rdamedia
=338  \\$aonline resource$bcr$2rdacarrier
=362  1\$aPrint began with vol. 1, no. 1 (spring 1997).
=362  0\$a-v. 8, no. 4 (Dec. 2004).
=530  \\$aAlso issued in print as: Journal of laparoendoscopic & advanced surgical techniques. Part B.
=538  \\$aMode of access: World Wide Web.
=540  \\$aCurrent copyright fee: GBP42.50$c18\0$5Uk
=580  \\$aMerged with: Journal of laparoendoscopic & advanced surgical techniques.Part A, to form: Journal of laparoendoscopic & advanced surgical techniques.
=588  \\$aDescription based on: Vol. 4, no. 3 (2000); title from journal information screen (viewed Jan. 8, 2001).
=588  \\$aLatest issue consulted: Volume 8, issue 4 (December 2004) (Mary Ann Liebert website, viewed May 3, 2016).
=650  \0$aChildren$xSurgery$vPeriodicals.
=650  \0$aEndoscopic surgery$vPeriodicals.
=650  \0$aLaparoscopic surgery$vPeriodicals.
=650  \2$aEndoscopy.
=650  \2$aLaparoscopy.
=650  \2$aSurgical Procedures, Minimally Invasive.
=650  22$aInfant.
=650  22$aChild.
=650  \7$aChildren$xSurgery.$2fast$0(OCoLC)fst00855161
=650  \7$aEndoscopic surgery.$2fast$0(OCoLC)fst00909815
=650  \7$aLaparoscopic surgery.$2fast$0(OCoLC)fst00992586
=655  \2$aPeriodicals.
=655  \7$aPeriodicals.$2fast$0(OCoLC)fst01411641
=776  08$iAlso issued in print as:$tPediatric endosurgery and innovative techniques$x1092-6410
=780  01$tJournal of laparoendoscopic surgery$x2332-502X
=785  17$tJournal of laparoendoscopic and advanced surgical techniques. Part A
=785  17$tJournal of laparoendoscopic and advanced surgical techniques
=852  41$aBritish Library$bDSC$j6417.588500$32000 VOL 4 NUMB 3-Volume 8:Number 4(2004)***See ESTAR for full holdings.
=856  \\$31850-9999$uhttp://www.liebertpub.com/$xBLDSS
=856  40$uhttp://www.liebertonline.com/loi/pei
=856  4\$uhttp://firstsearch.oclc.org$zAddress for accessing the journal using authorization number and password through OCLC FirstSearch Electronic Collections Online
=856  4\$uhttp://firstsearch.oclc.org/journal=1092-6410;screen=info;ECOIP$zAddress for accessing the journal from an authorized IP address through OCLC FirstSearch Electronic Collections Online
=945  \\$aPediatric endosurgery and innovative techniques
=959  \\$fHeld but not currently received
=985  \\$aNot in line with ISSN changes of title.
=A02  \\$a102549582
=ACF  \\$aPrevious copyright fee: GBP31.88$c18\0$e01-jul-2011$fGBP31.88$g0$hP$5Uk
=ACF  \\$aPrevious copyright fee: GBP32.90$c18\0$e01-jan-2011$fGBP32.90$g0$hP$5Uk
=ACF  \\$aPrevious copyright fee: GBP31.61$c18\0$e01-jul-2010$fGBP31.61$g0$hP$5Uk
=ACF  \\$aPrevious copyright fee: GBP29.70$c18\0$e01-apr-2010$fGBP29.70$g0$hP$5Uk
=ACF  \\$aPrevious copyright fee: GBP26.67$c18\0$e01-oct-2009$fGBP26.67$g0$hP$5Uk
=ACF  \\$aPrevious copyright fee: GBP31.43$c18\0$e01-apr-2009$fGBP31.43$g0$hP$5Uk
=ACF  \\$aPrevious copyright fee: GBP27.50$c18\0$e01-jan-2009$fGBP27.50$g0$hP$5Uk
=ACF  \\$aPrevious copyright fee: GBP22.00$c18\0$e01-jul-2007$fGBP22.00$g0$hP$5Uk
=ACF  \\$aPrevious copyright fee: GBP22.56$c18\0$e01-apr-2007$fGBP22.56$g0$hP$5Uk
=ACF  \\$aPrevious copyright fee: GBP23.79$c18\0$e01-jan-2007$fGBP23.79$g0$hP$5Uk
=ACF  \\$aPrevious Copyright Fee: GBP22.70$c18\0$e01-oct-2006$fGBP22.70$g0$hP$5Uk
=ACF  \\$aPrevious copyright fee: GBP24.00$c18\0$e01-apr-2006$fGBP24.00$g0$hP$5Uk
=ACF  \\$aPrevious copyright fee: GBP23.33$c18\0$e01-jan-2006$fGBP23.33$g0$hP$5Uk
=ACF  \\$aPrevious copyright fee: GBP22.70$c18\0$e01-apr-2005$fGBP22.70$g0$hP$5Uk
=ACF  \\$aPrevious copyright fee: GBP23.33$c18\0$e01-jan-2005$fGBP23.33$g0$hP$5Uk
=ACF  \\$aPrevious copyright fee: GBP22.70$c18\0$e01-apr-2004$fGBP22.70$g0$hP$5Uk
=ACF  \\$aCurrent copyright fee: GBP24.70$c18\0$e01-jan-2004$fGBP24.70$g0$hP$5Uk
=ACF  \\$aCurrent copyright fee: GBP23.13$c18\0$e01-jan-2003$fGBP23.13$g0$hP$5Uk
=ACF  \\$aPrevious copyright fee: GBP32.90$c18\0$e01-jan-2012$fGBP32.90$g0$hP$5Uk
=ACF  \\$aPrevious copyright fee: GBP30.91$c18\0$e01-jul-2012$fGBP30.91$g0$hP$5Uk
=ACF  \\$aPrevious copyright fee: GBP31.88$c18\0$e01-jan-2013$fGBP31.88$g0$hP$5Uk
=ACF  \\$aPrevious copyright fee: GBP32.90$c18\0$e01-jul-2013$fGBP32.90$g0$hP$5Uk
=ACF  \\$aPrevious copyright fee: GBP31.88$c18\0$e01-jan-2014$fGBP31.88$g0$hP$5Uk
=ACF  \\$aPrevious copyright fee: GBP30.91$c18\0$e01-jul-2014$fGBP30.91$g0$hP$5Uk
=ACF  \\$aPrevious copyright fee: GBP32.90$c18\0$e01-apr-2015$fGBP32.90$g0$hP$5Uk
=ACF  \\$aPrevious copyright fee: GBP34.00$c18\0$e01-jul-2015$fGBP34.00$g0$hP$5Uk
=ACF  \\$aPrevious copyright fee: GBP32.90$c18\0$e01-oct-2015$fGBP32.90$g0$hP$5Uk
=ACF  \\$aPrevious copyright fee: GBP35.17$c18\0$e01-apr-2016$fGBP35.17$g0$hP$5Uk
=ACF  \\$aPrevious copyright fee: GBP37.78$c18\0$e01-oct-2016$fGBP37.78$g0$hP$5Uk
=ACF  \\$aPrevious copyright fee: GBP40.80$c18\0$e01-apr-2017$fGBP40.80$g0$hP$5Uk
=ACF  \\$aPrevious copyright fee: GBP39.23$c18\0$e01-oct-2017$fGBP39.23$g0$hP$5Uk
=ACF  \\$aPrevious copyright fee: GBP36.43$c18\0$e01-apr-2018$fGBP36.43$g0$hP$5Uk
=ACF  \\$aPrevious copyright fee: GBP39.23$c18\0$e01-oct-2018$fGBP39.23$g0$hP$5Uk
=ACF  \\$aPrevious copyright fee: GBP40.80$c18\0$e01-oct-2019$fGBP40.80$g0$hP$5Uk
=ACF  \\$aPrevious copyright fee: GBP39.23$c18\0$e01-apr-2020$fGBP39.23$g0$hP$5Uk
=ACF  \\$aPrevious copyright fee: GBP40.80$c18\0$e01-jul-2020$fGBP40.80$g0$hP$5Uk
=ACF  \\$aPrevious copyright fee: GBP37.78$c18\0$e01-apr-2021$fGBP37.78$g0$hP$5Uk
=ACF  \\$aPrevious copyright fee: GBP36.43$c18\0$e07-jul-2021$fGBP36.43$g0$hP$5Uk
=CAT  \\$aCONV$b00$c20040425$lBLL90$h0713
=CAT  \\$aBATCH-UPD$b40$c20160524$lBLL01$h2247
=CAT  \\$aBATCH-UPD$b40$c20160824$lBLL01$h1731
=CAT  \\$aIPL-CLA$c20160930$lBLL01$h1559
=CAT  \\$aBATCH-UPD$b00$c20170216$lBLL01$h1818
=CAT  \\$aIPL-CLA$c20170331$lBLL01$h1841
=CAT  \\$aBATCH-UPD$b00$c20170904$lBLL01$h1823
=CAT  \\$aIPL-CLA$c20170929$lBLL01$h1725
=CAT  \\$aBATCH-UPD$b00$c20180223$lBLL01$h1639
=CAT  \\$aIPL-CLA$c20180331$lBLL01$h1616
=CAT  \\$aBATCH-UPD$b00$c20180823$lBLL01$h1923
=CAT  \\$aIPL-CLA$c20180930$lBLL01$h1500
=CAT  \\$aBATCH-UPD$b00$c20190829$lBLL01$h1509
=CAT  \\$aIPL-CLA$c20190930$lBLL01$h1635
=CAT  \\$aBATCH-UPD$b00$c20200219$lBLL01$h1453
=CAT  \\$aIPL-CLA$c20200331$lBLL01$h1612
=CAT  \\$aBATCH-UPD$b00$c20200522$lBLL01$h1441
=CAT  \\$aIPL-CLA$c20200701$lBLL01$h0053
=CAT  \\$aBATCH-UPD$b00$c20210226$lBLL01$h1022
=CAT  \\$aIPL-CLA$c20210331$lBLL01$h1659
=CAT  \\$aBATCH-UPD$b00$c20210707$lBLL01$h1546
=CAT  \\$aIPL-CLA$c20210707$lBLL01$h1843
=CAT  \\$aBATCH-UPD$b00$c20220520$lBLL01$h1622
=CAT  \\$aIPL-CLA$c20220630$lBLL01$h1537
=CAT  \\$aBATCH-UPD$b00$c20220824$lBLL01$h0850
=CAT  \\$aIPL-CLA$c20220930$lBLL01$h1426
=CFI  0\$aCurrent copyright fee: GBP42.50$c18\0$e01-oct-2022$fGBP42.50$g0$hP$5Uk
=CFI  2\$aPrevious copyright fee: GBP40.80$c18\0$e01-jul-2022$fGBP40.80$g0$hP$5Uk
=EST  \\$a1
=FFP  \\$aY$bBLDSS-3PM
=FIN  \\$aY
=FMT  \\$a  SE
=LAS  \\$aIPL-CLA$b00$c20220930$lBLL01$h1426
=LEO  \\$aMP10.0000631960
=LKR  \\$aPAR$b007191302$lBLL01$r776$mPediatric endosurgery & innovative techniques (Online)$nPediatric endosurgery & innovative techniques (Print)
=MNI  \\$a1092-6410
=SID  \\$aZ39$bOCLC
=SRC  \\$aDSS01$bbibmp10.200404.2.aa
=TCO  \\$aTRS$bCCC$c008
=TOC  \\$aETOC
=UNO  \\$aY

