=LDR  01461 as a22002773  4500
=001  012439224
=003  Uk
=005  20201127180403.0
=008  040415d\\\\\\\\|||a|||||||||||||||0eng\\
=245  00$aREPORT - RENEW # RECOVERY OF NATIONALLY ENDANGERED SPECIES (ANNUAL REPORT)
=336  \\$atext$2rdacontent
=337  \\$aunmediated$2rdamedia
=338  \\$avolume$2rdacarrier
=852  41$aBritish Library$bHMNTS$jCSE.81/3687$31990- 2001/2 NUM 12
=883  0\$aLanguage codes assigned by Bayesian analysis of words present in record$d20201028$qUk$c0.9010
=985  \\$aAccording to ISSN records 'RENEW report' has undergone 4 title changes since 1990, but all issues until 2002 have been recorded on this record. Real title change sequence is 1: Annual report. RENEW (1988/89) ISSN 1187-3876. 2: Report - Renew (1993/1994) ISSN 1190-9323. 3: Annual report. RENEW (1995-1997) ISSN 1484-1665. 4: Renew report (1996-2002) ISSN 1484-1681. 5: Latest title is 'RENEW annual report ' - see record number 013406855 for 2003- issues. MB. 20.02.2006.
=985  \\$aUpgraded by BSS-generated file for WR2011-1472
=CAT  \\$aCONV$b00$c20040425$lBLL90$h0713
=CAT  \\$aCONV$b00$c20040502$lBLL01$h1509
=CAT  \\$a8128$b40$c20060220$lBLL01$h1208
=CAT  \\$a8128$b40$c20060220$lBLL01$h1209
=CAT  \\$aW2011-1472$b00$c20201127$lBLL01$h1804
=FMT  \\$a  SE
=LAS  \\$aW2011-1472$b00$c20201127$lBLL01$h1804
=SRC  \\$aDSS02$bbibh.200404.2.aa
=TCO  \\$aZZZ$c008

