=LDR  01391cas a22004093  4500
=001  012441350
=003  Uk
=005  20170118093207.0
=008  040415c\\\\\\\\fr\a|||||||||||||||0fre\\
=022  \\$a1278-3862$y2102-5606
=245  00$aAGE DES LUMIERES
=336  \\$atext$2rdacontent
=337  \\$aunmediated$2rdamedia
=338  \\$avolume$2rdacarrier
=852  41$aBritish Library$bHMNTS$3NO.24-
=985  \\$aCorrected by BSS-generated file for WR# 10/166
=985  \\$aSome volumes have the issn 2102-5606 which is for series 2.
=A02  \\$a3022749$z0
=CAT  \\$aCONV$b00$c20040425$lBLL90$h0713
=CAT  \\$aCONV$b00$c20040502$lBLL01$h1509
=CAT  \\$a8197$b40$c20070904$lBLL01$h1351
=CAT  \\$aBATCH$b00$c20091210$lBLL01$h2333
=CAT  \\$aBATCH$b00$c20091214$lBLL01$h0845
=CAT  \\$aBATCH$b00$c20091216$lBLL01$h0219
=CAT  \\$aWR10_148$b40$c20101107$lBLL01$h2037
=CAT  \\$aWR10_148$b40$c20101107$lBLL01$h2040
=CAT  \\$aBLSS-CORR$b00$c20101119$lBLL01$h1723
=CAT  \\$aWR10_163$b40$c20101121$lBLL01$h1625
=CAT  \\$aWR10_148$b40$c20101121$lBLL01$h1628
=CAT  \\$aWR10_148$b40$c20101121$lBLL01$h1629
=CAT  \\$a5110$b40$c20170118$lBLL01$h0926
=CAT  \\$a5110$b40$c20170118$lBLL01$h0932
=FMT  \\$a  SE
=LAS  \\$a5110$b40$c20170118$lBLL01$h0932
=MIS  \\$aSO
=SRC  \\$aDSS02$bbibh.200404.2.aa
=TCO  \\$aFRA$bCFC$c008

