=LDR  06383cas a22014177a 4500
=001  012442891
=003  Uk
=005  20221231204817.0
=008  040415c19uu9999fr\uu\p\\\\\\\0\\\a0eng\\
=019  c\$a2288019
=022  \\$a0376-6438
=040  \\$aUk$beng$cUk
=222  \0$aOECD. Economic surveys$b(Print)
=245  00$aOECD Economic surveys.
=246  13$aOECD economic surveys Australia
=246  13$aOECD economic surveys Austria
=246  13$aOECD economic surveys Baltic States
=246  13$aOECD economic surveys Belgium
=246  13$aOECD economic surveys Brazil
=246  13$aOECD economic surveys Bulgaria
=246  13$aOECD economic surveys Canada
=246  13$aOECD economic surveys Chile
=246  13$aOECD economic surveys China
=246  13$aOECD economic surveys Czech Republic
=246  13$aOECD economic surveys Denmark
=246  13$aOECD economic surveys Euro area
=246  13$aOECD economic surveys Federal Republic of Yugoslavia
=246  13$aOECD economic surveys Finland
=246  13$aOECD economic surveys France
=246  13$aOECD economic surveys Germany
=246  13$aOECD economic surveys Greece
=246  13$aOECD economic surveys Hungary
=246  13$aOECD economic surveys Iceland
=246  13$aOECD economic surveys Ireland
=246  13$aOECD economic surveys Israel
=246  13$aOECD economic surveys Italy
=246  13$aOECD economic surveys Japan
=246  13$aOECD economic surveys Korea
=246  13$aOECD economic surveys Luxembourg
=246  13$aOECD economic surveys Mexico
=246  13$aOECD economic surveys Netherlands
=246  13$aOECD economic surveys New Zealand
=246  13$aOECD economic surveys Norway
=246  13$aOECD economic surveys Poland
=246  13$aOECD economic surveys Portugal
=246  13$aOECD economic surveys Romania
=246  13$aOECD economic surveys Russian Federation
=246  13$aOECD economic surveys Slovak Republic
=246  13$aOECD economic surveys Slovenia
=246  13$aOECD economic surveys Spain
=246  13$aOECD economic surveys Sweden
=246  13$aOECD economic surveys Switzerland
=246  13$aOECD economic surveys Turkey
=246  13$aOECD economic surveys United Kingdom
=246  13$aOECD economic surveys United States
=260  \\$aParis, France :$bOECD Publishing
=336  \\$atext$2rdacontent
=337  \\$aunmediated$2rdamedia
=338  \\$avolume$2rdacarrier
=540  \\$aCurrent Copyright Fee: GBP25.00$c0$5Uk
=650  \0$aEconomic surveys$vPeriodicals.
=650  \0$aEconomic policy$vPeriodicals.
=852  41$aBritish Library$bDSC$j3656.460000$3No. 20 (2005) only***UKRR Retained Title
=852  41$aBritish Library$bHMNTS$jUNP.107/11$31963/1964-n. 18(2020)
=945  \\$aEconomic surveys- OECD
=959  \\$fHeld but not currently received
=985  \\$aDSC tend to treat each country with an individual record and the IC has assigned separate ISSN to the separate countries. However, Humanities have historically shelved them all at the same pressmark and there would be too much work to unpick this, so accession Humanities here irrespective of country. ED 25.5.11.
=A02  \\$a2288019$z56321
=ACF  \\$aPrevious Copyright Fee: GBP2.86$c0$e01-jul-2009$fGBP2.86$g0$hC$5Uk
=ACF  \\$aPrevious Copyright Fee: GBP2.86$c0$e01-apr-2009$fGBP2.86$g0$hC$5Uk
=ACF  \\$aPrevious Copyright Fee: GBP2.50$c0$e01-jan-2009$fGBP2.50$g0$hC$5Uk
=ACF  \\$aPrevious Copyright Fee: GBP2.00$c0$e01-jul-2007$fGBP2.00$g0$hC$5Uk
=ACF  \\$aPrevious Copyright Fee: GBP2.05$c0$e01-apr-2007$fGBP2.05$g0$hC$5Uk
=ACF  \\$aPrevious Copyright Fee: GBP2.16$c0$e01-oct-2006$fGBP2.16$g0$hC$5Uk
=ACF  \\$aPrevious Copyright Fee: GBP2.29$c0$e01-apr-2006$fGBP2.29$g0$hC$5Uk
=ACF  \\$aPrevious Copyright Fee: GBP2.22$c0$e01-jan-2006$fGBP2.22$g0$hC$5Uk
=ACF  \\$aPrevious Copyright Fee: GBP2.16$c0$e01-jul-2005$fGBP2.16$g0$hC$5Uk
=ACF  \\$aPrevious Copyright Fee: GBP2.16$c0$e01-apr-2005$fGBP2.16$g0$hC$5Uk
=ACF  \\$aPrevious Copyright Fee: GBP2.22$c0$e01-jan-2005$fGBP2.22$g0$hC$5Uk
=ACF  \\$aPrevious Copyright Fee: GBP2.16$c0$e01-oct-2004$fGBP2.16$g0$hC$5Uk
=ACF  \\$aPrevious copyright fee: GBP10.50$c0$e01-jan-2011$fGBP10.50$g0$hA$5Uk
=ACF  \\$aPrevious copyright fee: GBP12.00$c0$e01-jan-2012$fGBP12.00$g0$hA$5Uk
=ACF  \\$aPrevious Copyright Fee: GBP12.30$c0$e01-jan-2014$fGBP12.30$g0$hA$5Uk
=ACF  \\$aPrevious Copyright Fee: GBP15.00$c0$e01-jan-2017$fGBP15.00$g0$hA$5Uk
=ACF  \\$aPrevious Copyright Fee: GBP17.50$c0$e01-jan-2018$fGBP17.50$g0$hA$5Uk
=ACF  \\$aPrevious Copyright Fee: GBP20.00$c0$e01-jan-2020$fGBP20.00$g0$hA$5Uk
=CAT  \\$aCONV$b00$c20040425$lBLL90$h0713
=CAT  \\$aBATCH$b00$c20091214$lBLL01$h0846
=CAT  \\$aBATCH$b00$c20091216$lBLL01$h0219
=CAT  \\$a10806$b40$c20100219$lBLL01$h0955
=CAT  \\$aBATCH-UPD$b40$c20101201$lBLL01$h1248
=CAT  \\$aIPL-CLA$c20101231$lBLL01$h1508
=CAT  \\$a10969$b40$c20110307$lBLL01$h1215
=CAT  \\$a10969$b40$c20110308$lBLL01$h1411
=CAT  \\$a8483$b40$c20110525$lBLL01$h1005
=CAT  \\$a8483$b40$c20110525$lBLL01$h1017
=CAT  \\$aWR11_203$c20111204$lBLL01$h1506
=CAT  \\$aIPL-CLA$c20111230$lBLL01$h2014
=CAT  \\$aBATCH-CLA$b00$c20121109$lBLL01$h1733
=CAT  \\$aBATCH-CLA$c20131220$lBLL01$h2023
=CAT  \\$aIPL-CLA$c20131231$lBLL01$h2328
=CAT  \\$aBATCH-CLA$b00$c20161222$lBLL01$h1800
=CAT  \\$aIPL-CLA$c20161230$lBLL01$h2114
=CAT  \\$aBATCH-CLA$b00$c20171222$lBLL01$h2120
=CAT  \\$aIPL-CLA$c20171231$lBLL01$h1624
=CAT  \\$aBATCH-CLA$b00$c20191219$lBLL01$h1729
=CAT  \\$aIPL-CLA$c20191231$lBLL01$h1923
=CAT  \\$aR2001-1524$c20200127$lBLL01$h2001
=CAT  \\$aBATCH-CLA$b00$c20201204$lBLL01$h1529
=CAT  \\$aIPL-CLA$c20201231$lBLL01$h2145
=CAT  \\$aBATCH-CLA$b00$c20221221$lBLL01$h1837
=CAT  \\$aIPL-CLA$c20221231$lBLL01$h2048
=CFI  0\$aCurrent Copyright Fee: GBP25.00$c0$e01-jan-2023$fGBP25.00$g0$hA$5Uk
=CFI  2\$aPrevious Copyright Fee: GBP22.50$c0$e01-jan-2021$fGBP22.50$g0$hA$5Uk
=FIN  \\$aY$d20080527
=FMT  \\$a  SE
=LAS  \\$aIPL-CLA$b00$c20221231$lBLL01$h2048
=LEO  \\$aMP10.0000201197
=SRC  \\$aDSS01$bbibmp10.200404.2.aa
=SRC  \\$aDSS02$bbibh.200404.2.aa
=TCO  \\$aFRA$bCFC$c008

