=LDR  02573 ai a2200649 a 4500
=001  012446031
=003  Uk
=005  20160719124540.0
=007  td
=008  040416c19999999enkuu\l\\f\\\\0\\\a2eng\\
=022  \\$y0307-0115
=040  \\$aUk$beng$cUk$dUk
=042  \\$aukblsr
=082  04$a629.1323$223
=245  00$aESDU aircraft noise.
=246  30$aAircraft noise
=246  13$aESDU validated engineering data.$pAircraft noise
=246  14$aESDU engineering data
=246  13$aESDU series on aircraft noise
=260  \\$aLondon :$bESDU International.
=260  3\$a[Coulsdon] :$bIHS Global.
=300  \\$av. (loose-leaf) :$bill. ;$c32 cm.
=336  \\$atext$2rdacontent
=337  \\$aunmediated$2rdamedia
=338  \\$avolume$2rdacarrier
=500  \\$aIn 8 volumes, each with specific subject focus.
=500  \\$aBegan in 1999?
=500  \\$aDescription based on: Vol. 8, updated to Jan. 2007.
=515  \\$aEach data item has a separate ESDU number.
=588  \\$aAn Engineering sciences data subseries made up of several individually titled and updated "data items" dealing with a specific aspect of aircraft noise.$5Uk
=650  \0$aAirplanes$xNoise$vHandbooks, manuals, etc.
=710  2\$aESDU International.
=710  2\$aEngineering Sciences Data Unit.
=776  18$iAlso available on CD-ROM containing all 21 ESDU validated engineering data series:$tESDUscope
=780  00$tEngineering sciences data. Noise
=852  71$aBritish Library$bSTI$k(P)$hVB 43$m-E(4)$3No. 43 (Jun. 1999)-
=852  71$aBritish Library$bSTI$k(TP)$hVB 43$m-E(4)$2blsrissc$3Accompanying electronic software
=985  \\$aDo not merge with ISSN record on #010188502
=A02  \\$a1444176$z44176
=CAT  \\$aCONV$b00$c20040425$lBLL90$h0713
=CAT  \\$aCONV$b00$c20040502$lBLL01$h1509
=CAT  \\$a8124$b40$c20071003$lBLL01$h1213
=CAT  \\$aBATCH$b00$c20091210$lBLL01$h2335
=CAT  \\$aBATCH$b00$c20091214$lBLL01$h0847
=CAT  \\$aBATCH$b00$c20091216$lBLL01$h0220
=CAT  \\$a8124$b40$c20120103$lBLL01$h1125
=CAT  \\$a8124$b40$c20120105$lBLL01$h0937
=CAT  \\$a8124$b40$c20120105$lBLL01$h1504
=CAT  \\$a10932$b40$c20130605$lBLL01$h1500
=CAT  \\$a8124$b40$c20160719$lBLL01$h1245
=FIN  \\$aY$d20071003
=FMT  \\$a  SE
=LAS  \\$a8124$b40$c20160719$lBLL01$h1245
=LKR  \\$aPAR$b010188502$lBLL01$r78000$mESDU aircraft noise.$nEngineering sciences data. Noise
=LKR  \\$aPAR$b012447837$lBLL01$r776$mESDU aircraft noise.$nESDUscope
=SRC  \\$aDSS03$bbibsr.200404.2.aa
=TCO  \\$aCLA$bCLA$c008

