=LDR  02645 ai a2200613 a 4500
=001  012446439
=003  Uk
=005  20120816153544.0
=007  td
=008  040416c196u9999enk\u\l\\f\\\\0\\\a2eng\\
=022  0\$a0141-402X
=040  \\$aUk$beng$cUk
=042  \\$aukblsr
=082  04$a621.4022$223
=210  0\$aEng. sci. data. Heat. transf.
=222  \0$aEngineering sciences data. Heat transfer
=245  00$aEngineering sciences data.$pHeat transfer.
=246  13$aESDU engineering sciences data.$pHeat transfer
=246  30$aHeat transfer
=246  13$aESDU series on heat transfer
=246  13$aESDU validated engineering data.$pHeat transfer
=260  \\$a[London] :$bEngineering Sciences Data Unit
=260  3\$a[Coulsdon] :$bIHS Global
=300  \\$av. (loose-leaf) ;$c30 cm.
=336  \\$atext$2rdacontent
=337  \\$aunmediated$2rdamedia
=338  \\$avolume$2rdacarrier
=515  \\$aEach data item has a separate ESDU number.
=588  \\$aAn Engineering sciences data subseries made up of several individually titled and updated "data items".$5Uk
=588  \\$aDescription based on: ESDU 08002, updated to March 2008.
=650  \0$aHeat$xTransmission$vHandbooks, manuals, etc.
=710  2\$aEngineering Sciences Data Unit.
=710  2\$aInstitution of Mechanical Engineers (Great Britain)
=710  2\$aInstitution of Chemical Engineers (Great Britain)
=776  18$iAlso available on CD-ROM containing all 21 ESDU validated engineering data series:$tESDUscope
=852  71$aBritish Library$bSTI$k(TP)$hVB 43$m-E(4)$2blsrissc$3Accompanying electronic software
=852  71$aBritish Library$bSTI$k(P)$hVB 43$m-E(4)$3Issue 49 (1996)-Mar. 2008; May (2014)-n. 98005 (May 2014)
=985  \\$aCorrected by BSS-generated file for WR# 10/166 DO NOT MERGE with ISSN record on #009545484. Record upgraded to integrating resource record, 3/1/12 CS, sight of individual data item 08002 only
=A02  \\$a1441885$z41885
=CAT  \\$aCONV$b00$c20040425$lBLL90$h0713
=CAT  \\$aCONV$b00$c20040502$lBLL01$h1509
=CAT  \\$aBATCH$b00$c20091210$lBLL01$h2335
=CAT  \\$aBATCH$b00$c20091214$lBLL01$h0847
=CAT  \\$aBATCH$b00$c20091216$lBLL01$h0221
=CAT  \\$aBLSS-CORR$b00$c20101119$lBLL01$h1723
=CAT  \\$a8124$b40$c20120105$lBLL01$h1025
=CAT  \\$a8124$b40$c20120105$lBLL01$h1505
=CAT  \\$a8871$b40$c20120816$lBLL01$h1535
=FIN  \\$aY$d20120105
=FMT  \\$a  SE
=LAS  \\$a8871$b40$c20120816$lBLL01$h1535
=LKR  \\$aPAR$b012447837$lBLL01$r776$nESDUscope$mEngineering sciences data. Heat transfer
=SRC  \\$aDSS03$bbibsr.200404.2.aa
=TCO  \\$aCLA$bCLA$c008

