=LDR  01721cas a2200457 a 4500
=001  012457605
=003  Uk
=005  20220624080855.0
=008  030612c20029999gw\ar\\\\\\\\\0\\\b0ger\\
=019  1\$abld00L5128
=022  \\$a1619-7569$y2196-534X
=040  \\$aUk$cUk$dUk
=222  \0$aInternationales Jahrbuch für Hermeneutik
=245  00$aInternationales Jahrbuch für Hermeneutik.
=246  31$aInternational yearbook for hermeneutics
=246  1\$iMinor title change:$aInternational yearbook for hermeneutics
=260  \\$aTübingen :$bMohr Siebeck,$c2002-
=300  \\$av. ;$c24 cm.
=336  \\$atext$2rdacontent
=337  \\$aunmediated$2rdamedia
=338  \\$avolume$2rdacarrier
=362  0\$aBand 1 (2002)-
=588  \\$aLatest issue consulted: 20 (2021).
=650  \0$aHermeneutics$vPeriodicals.
=852  41$aBritish Library$bHMNTS$jZA.9.a.12317$3Bd. 1 (2002)-
=985  \\$aISSN 2196-534X has been assigned by ISSN Germany to the English title 'International yearbook for hermeneutics' from 2013. The German title is still quoted on volume 20 (2021), so no new record is required for BL.
=CAT  \\$aCONV$b00$c20040425$lBLL90$h0720
=CAT  \\$aCONV$b00$c20040502$lBLL01$h1509
=CAT  \\$aBATCH$b00$c20091123$lBLL01$h0139
=CAT  \\$a8456$b40$c20100624$lBLL01$h1641
=CAT  \\$a5997$b40$c20171004$lBLL01$h0731
=CAT  \\$a10806$b40$c20220622$lBLL01$h0940
=CAT  \\$a10806$b40$c20220622$lBLL01$h0945
=CAT  \\$a10806$b40$c20220624$lBLL01$h0808
=FIN  \\$aY
=FMT  \\$a  SE
=LAS  \\$a10806$b40$c20220624$lBLL01$h0808
=LEO  \\$aMP13.0000125435
=SRC  \\$aHSS01$bbibmp13.200404.2.aa
=SRC  \\$aDSS02$bbibh.200404.2.aa
=TCO  \\$aDEU$bVG WORT$c008

