=LDR  02434cas a2200613ua 4500
=001  012748884
=003  Uk
=005  20190425113804.0
=008  840327d19561974xxumr\p\\\\\\\0\\\a|eng\\
=019  0\$as098576003
=019  c\$a2048654
=022  \\$a0009-0360
=040  \\$aUk$cUk
=084  \\$aHT 50$2blsrissc
=222  \0$aCereal science today
=245  00$aCereal science today.
=260  \\$aMinneapolis, Minn. :$bAmerican Association of Cereal Chemists,$c1956-74.
=300  \\$c29 cm.
=336  \\$atext$2rdacontent
=337  \\$aunmediated$2rdamedia
=338  \\$avolume$2rdacarrier
=540  \\$aBritish Library not licensed to copy$c0$5Uk
=580  \\$aReplaces "American Association of Cereal Chemists. Transactions", q.v.
=580  \\$aContinued as "Cereal foods world", q.v.
=595  \\$aFORMERLY 8886.0 UP TO VOL. 13, 1955 CONTD AS 3120.002 VOL. 20, 1975-
=710  2\$aAmerican Association of Cereal Chemists.
=852  71$aBritish Library$bSTI$k(P)$hHT 50$m-E(5)$2blsrissc$31956-1974; Vol.1-19.
=852  41$aBritish Library$bDSC$j3120.025000$3Vol. 1 (1956)-v. 19, no. 12 (1974)***UKRR Retained Title
=886  2\$2blmarc$a029$b00$aS07370900X$a098576011
=945  \\$aCEREAL SCIENCE TODAY.
=959  \\$fHeld but not currently received
=963  \\$aCA/U11 1956- 1974 *A=1$bN
=968  \\$aC
=985  \\$aISSN added at request of Licensing. 25/4/19.
=ACF  \\$aPrevious Copyright Fee: GBP15.00$c0$e01-jan-2017$fGBP15.00$g0$hA$5Uk
=CAT  \\$aCONV$b00$c20040425$lBLL90$h0851
=CAT  \\$aCONV$b00$c20040502$lBLL01$h1519
=CAT  \\$aBATCH$b00$c20091123$lBLL01$h0326
=CAT  \\$a11205$b40$c20190425$lBLL01$h1128
=CAT  \\$a11205$b40$c20190425$lBLL01$h1137
=CAT  \\$a11205$b40$c20190425$lBLL01$h1138
=CAT  \\$aBATCH-CLA$b00$c20190531$lBLL01$h1624
=CAT  \\$aIPL-CLA$c20190630$lBLL01$h1532
=CFI  0\$aBritish Library not licensed to copy$c0$e01-jul-2019$hC$iCFP Excluded$5Uk
=CFI  2\$aPrevious Copyright Fee: GBP17.50$c0$e01-jan-2018$fGBP17.50$g0$hA$5Uk
=FIN  \\$aY
=FMT  \\$a  SE
=LAS  \\$aIPL-CLA$b00$c20190630$lBLL01$h1532
=LEO  \\$aMP10.0000139247
=LEO  \\$aMP25.0000016150
=SRC  \\$aDSS01$bbibmp10.200404.2.aa
=SRC  \\$aSRI01$bbibmp25.200404.2.aa
=SSD  \\$a50300{dollar}aReplaces "American Association of Cereal Chemists. Transactions", q.v; 50300{dollar}aContinued as "Cereal foods world", q.v
=TCO  \\$aTRS$bCCC$c008

