=LDR  04745cas a2200997 a 4500
=001  012900033
=003  Uk
=005  20230209233633.0
=007  ta
=008  040326c20069999xxcqr\p\\\\\\\0\\\a0eng\\
=015  \\$aGBA675612$2bnb
=022  0\$a1743-7601
=040  \\$aUk$beng$cUk
=042  \\$aukblsr
=082  04$a338.927$222
=222  \0$aInternational journal of sustainable development and planning$b(Print)
=245  00$aInternational journal of sustainable development and planning.
=260  \\$aSouthampton :$bWIT Press,$c2006-
=264  31$32020-$aEdmonton, Canada :$bInternational Information & Engineering Technology Association
=300  \\$av. :$bill., ports. ;$c26 cm.
=310  \\$aQuarterly
=336  \\$atext$2rdacontent
=337  \\$aunmediated$2rdamedia
=338  \\$avolume$2rdacarrier
=362  0\$aVol. 1, no. 1 (2006)-
=540  \\$aCurrent Copyright Fee: GBP17.00$c0$5Uk
=588  \\$aLatest issue consulted: volume 15, number 2 (March 2020).
=650  \0$aSustainable development$vPeriodicals.
=690  7\$aManagement and Business Studies$2blcoll
=710  2\$aInternational Information & Engineering Technology Association,$eissuing body.
=776  0\$tInternational journal of sustainable development and planning$c(Online)$x1743-761X
=852  71$aBritish Library$bHMNTS$jZC.9.a.7534$3Vol. 1, no. 1 (2006)-v. 15, no. 1 (2020)
=852  41$aBritish Library$bDSC$j4542.685550$3Vol. 1, No. 1 (2006), Vol. 2, no. 1 (2007)-v. 5, no. 4 (2010); v. 8, no. 1 (2013)-v. 15, no. 1 (2020)
=945  \\$aInternational journal of sustainable development and planning
=959  \\$fHeld but not currently received
=985  \\$aCONFERENCE ANALYTIC &RECORDS EXIST
=985  \\$aISSN transferred to ISSN Canada (18/06/20)
=ACF  \\$aPrevious Copyright Fee: GBP17.00$c0$e01-apr-2012$fGBP17.00$g0$hC$5Uk
=ACF  \\$aPrevious Copyright Fee: GBP17.00$c0$e01-jan-2012$fGBP17.00$g0$hC$5Uk
=ACF  \\$aPrevious Copyright Fee: GBP17.00$c0$e01-oct-2011$fGBP17.00$g0$hC$5Uk
=ACF  \\$aPrevious Copyright Fee: GBP17.00$c0$e01-jul-2011$fGBP17.00$g0$hC$5Uk
=ACF  \\$aPrevious Copyright Fee: GBP17.00$c0$e01-apr-2011$fGBP17.00$g0$hC$5Uk
=ACF  \\$aPrevious Copyright Fee: GBP17.00$c0$e01-jan-2011$fGBP17.00$g0$hC$5Uk
=ACF  \\$aPrevious Copyright Fee: GBP17.00$c0$e01-oct-2010$fGBP17.00$g0$hC$5Uk
=ACF  \\$aPrevious Copyright Fee: GBP17.00$c0$e01-jul-2010$fGBP17.00$g0$hC$5Uk
=ACF  \\$aPrevious Copyright Fee: GBP17.00$c0$e01-apr-2010$fGBP17.00$g0$hC$5Uk
=ACF  \\$aPrevious copyright fee: GBP6.00$c0$e01-apr-2008$fGBP6.00$g0$hA$5Uk
=ACF  \\$aPrevious Copyright Fee: GBP5.00$c0$e15-feb-2007$fGBP5.00$g0$hA$5Uk
=ACF  \\$aPrevious Copyright Fee: GBP17.00$c0$e01-jul-2012$fGBP17.00$g0$hC$5Uk
=ACF  \\$aPrevious Copyright Fee: GBP17.00$c0$e01-oct-2012$fGBP17.00$g0$hC$5Uk
=CAT  \\$a8870$b40$c20040326$lTMP01$h1559
=CAT  \\$aIPL-CLA$c20110331$lBLL01$h1503
=CAT  \\$aBATCH-CLA$b00$c20110531$lBLL01$h1641
=CAT  \\$aIPL-CLA$c20110630$lBLL01$h1543
=CAT  \\$aBATCH-CLA$b00$c20110831$lBLL01$h1753
=CAT  \\$aIPL-CLA$c20110930$lBLL01$h1547
=CAT  \\$aBATCH-CLA$b00$c20111130$lBLL01$h1207
=CAT  \\$aIPL-CLA$c20111230$lBLL01$h2018
=CAT  \\$aBATCH-CLA$b00$c20120229$lBLL01$h1619
=CAT  \\$aIPL-CLA$c20120330$lBLL01$h1434
=CAT  \\$aBATCH-CLA$b00$c20120531$lBLL01$h1711
=CAT  \\$aIPL-CLA$c20120629$lBLL01$h1032
=CAT  \\$aBATCH-CLA$b00$c20120831$lBLL01$h1531
=CAT  \\$aIPL-CLA$c20120930$lBLL01$h2118
=CAT  \\$aBATCH-CLA$b00$c20121109$lBLL01$h1731
=CAT  \\$aWR14_140$c20140905$lBLL01$h1804
=CAT  \\$a8335$b40$c20160212$lBLL01$h1123
=CAT  \\$a10997$b40$c20160518$lBLL01$h1438
=CAT  \\$a10806$b40$c20200129$lBLL01$h0953
=CAT  \\$a10806$b40$c20200129$lBLL01$h0954
=CAT  \\$a10806$b40$c20200206$lBLL01$h0843
=CAT  \\$a10806$b40$c20200617$lBLL01$h1402
=CAT  \\$a10806$b40$c20200618$lBLL01$h0851
=CAT  \\$a8335$b40$c20220131$lBLL01$h1355
=CAT  \\$aBATCH-CLA$b00$c20221130$lBLL01$h1447
=CAT  \\$aIPL-CLA$c20221231$lBLL01$h1445
=CAT  \\$aBATCH-CLA$b00$c20230209$lBLL01$h1534
=CAT  \\$aIPL-CLA$c20230209$lBLL01$h2336
=CFI  0\$aCurrent Copyright Fee: GBP17.00$c0$e09-feb-2023$fGBP17.00$g0$hC$5Uk
=CFI  2\$aBritish Library not licensed to copy$c0$e01-jan-2023$hC$iCFP Excluded$5Uk
=FIN  \\$aY$d20060901
=FMT  \\$a  SE
=LAS  \\$aIPL-CLA$b00$c20230209$lBLL01$h2336
=LKR  \\$aPAR$b012900034$lBLL01$r776$mInternational journal of sustainable development and planning (Print)$nInternational journal of sustainable development and planning (Online)
=TCO  \\$aCLA$bCLA$c008
=TOC  \\$aETOC

