=LDR  04159cas a2200937 a 4500
=001  012900478
=003  Uk
=005  20230511162840.0
=007  ta
=008  040414c20049999enktr\p\\\\\\\0\\\a0eng\\
=015  \\$aGBA551801$2bnb
=022  0\$a1743-9191
=040  \\$aUk$beng$cUk$dUk
=042  \\$aukblsr
=082  04$a617.005$222
=130  0\$aInternational journal of surgery (London, England)
=222  \0$aInternational journal of surgery$b(Print)
=245  10$aInternational journal of surgery :$ba peer-reviwed international journal for the advancement of surgery.
=260  \\$aLondon :$bSurgical Associates,$c2004-
=260  2\$a[Oxford] :$b[Elsevier Ltd.]
=300  \\$av. :$bill. (some col.) ;$c30 cm.
=310  \\$aThree issues yearly
=336  \\$atext$2rdacontent
=337  \\$aunmediated$2rdamedia
=338  \\$avolume$2rdacarrier
=362  0\$aVol. 2, issue 2 (May/Aug. 2004)-
=540  \\$aCurrent copyright fee: GBP32.00$c20\0$5Uk
=650  \0$aSurgery$vPeriodicals.
=776  0\$tInternational journal of surgery$c(Online)$x1743-9159
=780  00$tJournal of surgery$c(London. Print)$x1741-6280
=852  11$aBritish Library$bSTI$k(P)$h617$m-E(1)$2blsrissc$3Vol. 2, issue 2 (2004), v. 3, issue 1 (2005)-v. 6, issue 6 (2008)
=852  41$aBritish Library$bDSC$j4542.685050$3Vol. 2, issue 2 (2004)-v. 6, issue 6 (2008)***UKRR Retained Title***Stock Incomplete
=856  \\$31850-9999$uhttp://www.elsevier.com/journals$xBLDSS
=945  \\$aInternational journal of surgery -Surgical Associates-
=985  \\$aISSN UK Centre note: ISSN transferred to ISSN Netherlands, March 2023.
=ACF  \\$aPrevious copyright fee: GBP32.84$c5\1$e01-jul-2019$fGBP32.84$g0$hP$5Uk
=ACF  \\$aPrevious copyright fee: GBP19.00$c5\2$e01-jan-2008$fGBP19.00$g0$hP$5Uk
=ACF  \\$aPrevious copyright fee: GBP18.00$c5\2$e10-nov-2004$fGBP18.00$g0$hP$5Uk
=ACF  \\$aCurrent copyright fee: GBP5.00$c0$e02-aug-2004$fGBP5.00$g0$hA$5Uk
=ACF  \\$aPrevious copyright fee: GBP20.00$c5\1$e01-jan-2009$fGBP20.00$g0$hP$5Uk
=ACF  \\$aPrevious copyright fee: GBP21.00$c5\1$e01-jan-2012$fGBP21.00$g0$hP$5Uk
=ACF  \\$aPrevious copyright fee: GBP22.50$c5\1$e01-jan-2013$fGBP22.50$g0$hP$5Uk
=ACF  \\$aPrevious copyright fee: GBP23.40$c5\1$e01-jan-2018$fGBP23.40$g0$hP$5Uk
=CAT  \\$a8201$b40$c20040415$lTMP01$h1053
=CAT  \\$aWR11_155$c20111114$lBLL01$h1644
=CAT  \\$aBATCH-UPD$b00$c20111123$lBLL01$h1853
=CAT  \\$aIPL-CLA$c20111230$lBLL01$h2018
=CAT  \\$a8124$b40$c20120717$lBLL01$h1211
=CAT  \\$a8124$b40$c20120717$lBLL01$h1303
=CAT  \\$aBATCH-CLA$b00$c20121109$lBLL01$h1731
=CAT  \\$aBATCH-UPD$b00$c20121121$lBLL01$h1656
=CAT  \\$aIPL-CLA$c20121231$lBLL01$h1311
=CAT  \\$aIPL-CLA$c20130102$lBLL01$h1730
=CAT  \\$aWR14_140$c20140905$lBLL01$h1805
=CAT  \\$aBLDSS-3PM$b00$c20141222$lBLL01$h1713
=CAT  \\$aBATCH-UPD$b00$c20160413$lBLL01$h1818
=CAT  \\$aBATCH-UPD$b00$c20170304$lBLL01$h1149
=CAT  \\$aBATCH-UPD$b00$c20171121$lBLL01$h1743
=CAT  \\$aIPL-CLA$c20171231$lBLL01$h1630
=CAT  \\$aBATCH-UPD$b00$c20190521$lBLL01$h1435
=CAT  \\$aIPL-CLA$c20190630$lBLL01$h1532
=CAT  \\$aBATCH-UPD$b00$c20211119$lBLL01$h1553
=CAT  \\$aIPL-CLA$c20211231$lBLL01$h1542
=CAT  \\$a12654$b40$c20230208$lBLL01$h0914
=CAT  \\$a12654$b40$c20230208$lBLL01$h0915
=CAT  \\$aBATCH-UNOA$c20230215$lBLL01$h0032
=CAT  \\$a11313$b40$c20230223$lBLL01$h1550
=CAT  \\$a11313$b40$c20230309$lBLL01$h1107
=CAT  \\$a11313$b40$c20230309$lBLL01$h1108
=CAT  \\$aBATCH-FIX$c20230511$lBLL01$h1628
=CFI  0\$aCurrent copyright fee: GBP32.00$c20\0$e08-feb-2023$fGBP32.00$g0$hP$5Uk
=CFI  2\$aPrevious copyright fee: GBP34.30$c5\1$e01-jan-2022$fGBP34.30$g0$hP$5Uk
=EST  \\$a2
=FFP  \\$aY$bBLDSS-3PM
=FIN  \\$aY$d20050617
=FMT  \\$a  SE
=LAS  \\$aBATCH-FIX$b00$c20230511$lBLL01$h1628
=LKR  \\$aPAR$b010492430$lBLL01$mInternational journal of surgery (Print)$r78000$n<The >journal of surgery (London. Print)
=TCO  \\$aCLA$bCLA$c008
=TOC  \\$aETOC
=UNO  \\$aY

