=LDR  01229 as a22003857a 4500
=001  012911057
=003  Uk
=005  20111220111635.0
=007  ta
=008  040506c19999999enker\p\\\\\\\0\\\a0eng\\
=022  0\$a1466-9501$202
=040  \\$aUk$beng$cUk$dUk
=222  \0$aGoal$b(Qualify)
=245  00$aGoal.
=260  \\$aPeterborough :$bFrontline.
=310  \\$aFortnightly
=336  \\$atext$2rdacontent
=337  \\$aunmediated$2rdamedia
=338  \\$avolume$2rdacarrier
=852  41$31999$aBritish Library$bHMNTS$jLOU.907 [1999]
=866  \0$aDec. 1999 only
=985  \\$aISSN supplied by Colindale from issues. Merged this record before realising it was suppressed, passed to ISSN centre to sort out
=CAT  \\$a11313$b40$c20040506$lTMP01$h1027
=CAT  \\$aEXLIBRIS$c20040606$lBLL01$h1133
=CAT  \\$a6971$b40$c20080529$lBLL01$h1326
=CAT  \\$a10932$b40$c20111220$lBLL01$h0948
=CAT  \\$a10932$b40$c20111220$lBLL01$h0949
=CAT  \\$a10932$b40$c20111220$lBLL01$h1116
=CAT  \\$aNPL-LOCK$b77$c20140207$lBLL01$h2152
=CAT  \\$c20140214$lBLL01$h1748
=FIN  \\$aY$d20111220
=FMT  \\$a  SE
=LAS  \\$c20140214$lBLL01$h1748
=SRC  \\$aDSS04$bbibld.200404.2.aa
=TCO  \\$aCLA$bCLA$c008

