=LDR  05385cas a2201225 a 4500
=001  012913611
=003  Uk
=005  20211231154240.0
=006  m\\\\\o\\d\\\\\\\\
=007  cr\cn|||||||||
=008  961009c19339999maubr\pso\\\\\0\\\a0eng\c
=010  \\$asn 97023014
=015  \\$aGBB350810$2bnb
=016  7\$a019702698$2DE-101
=016  7\$a1477253-x$2DE-600
=022  \\$a1468-0262$y0012-9682
=035  \\$a(OCoLC)35705710$z(OCoLC)39349329$z(OCoLC)60639566
=037  \\$aISSN_00129682$bPortico$nWiley
=040  \\$aGZM$beng$cGZM$dEYM$dIUL$dEYM$dOCL$dEYM$dIUL$dOCLCQ$dMUQ$dOCLCS$dOCLCQ$dOCL$dCIT$dOCLCQ$dOCLCO$dGBVCP$dOCLCQ$dUk
=042  \\$aukblsr
=050  14$aHB1
=082  04$a330.05$223
=130  0\$aEconometrica (Online)
=245  10$aEconometrica$h[electronic resource] :$bjournal of the Econometric Society.
=260  \\$aMenasha, Wis. :$bGeorge Banta Pub. Co.,$c1933-
=260  2\$aEvanston, Ill. :$bEconometric Society
=264  31$aMalden, MA :$bJohn Wiley & Sons, Inc
=310  \\$aBimonthly,$b1970-
=321  \\$aQuarterly,$b1933-1969
=336  \\$atext$2rdacontent
=337  \\$acomputer$2rdamedia
=338  \\$aonline resource$2rdacarrier
=362  0\$aVol. 1, no. 1 (Jan. 1933)-
=500  \\$aImprint varies.
=525  \\$aIncludes supplements.
=530  \\$aAlso issued in print.
=538  \\$aMode of access: World Wide Web.
=540  \\$aCurrent copyright fee: GBP46.00$c35\0$5Uk
=588  \\$aDescription based on JSTOR World Wide Web homepage; title from title screen.
=588  \\$aLatest issue consulted: Vol. 57, no. 6 (Nov. 1989).
=650  \0$aEconometrics$vPeriodicals.
=650  \0$aEconomics, Mathematical$vPeriodicals.
=650  \0$aEconomics$vPeriodicals.
=650  \6$aÉconométrie$vPériodiques.
=650  \6$aMathématiques économiques$vPériodiques.
=650  \6$aÉconomie politique$xPériodiques.
=690  7\$aManagement and Business Studies$2blcoll
=710  2\$aEconometric Society.
=776  1\$tEconometrica$x0012-9682
=852  41$aBritish Library$bHMNTS$jELD Digital store$3Volume 81:Issue 1(2013:Jan.)-***Previous issues available in print copy
=856  \\$31850-9999$uhttp://onlinelibrary.wiley.com/$xBLDSS
=856  40$uhttp://firstsearch.oclc.org$zAddress for accessing the journal using authorization number and password through OCLC FirstSearch Electronic Collections Online
=856  40$uhttp://firstsearch.oclc.org/journal=0012-9682;screen=info;ECOIP$zAddress for accessing the journal from an authorized IP address through OCLC FirstSearch Electronic Collections Online
=856  40$uhttp://onlinelibrary.wiley.com/journal/10.1111/(ISSN)1468-0262
=856  40$uhttp://www.jstor.org/journals/00129682.html
=859  \\$aELD$bejournal
=945  \\$aEconometrica -Evanston Ill-.
=959  \\$fHeld but not currently received
=979  \\$aBritish Library$bDSC$j3650.100000N
=985  \\$aISSN taken over by US ISSN Center 17.3.05, not yet completed when catalogued, 222 not added 23/5/13
=ACF  \\$aPrevious Copyright Fee: GBP12.00$c0$e01-jul-2013$fGBP12.00$g0$hC$5Uk
=ACF  \\$aPrevious Copyright Fee: GBP22.60$c0$e01-jan-2014$fGBP22.60$g0$hC$5Uk
=ACF  \\$aPrevious Copyright Fee: GBP24.00$c0$e01-oct-2015$fGBP24.00$g0$hC$5Uk
=ACF  \\$aPrevious Copyright Fee: GBP22.00$c0$e01-apr-2014$fGBP22.00$g0$hC$5Uk
=ACF  \\$aPrevious copyright fee: GBP24.00$c35\0$e20-aug-2018$fGBP24.00$g0$hP$5Uk
=ACF  \\$aPrevious copyright fee: GBP28.00$c35\0$e01-jan-2019$fGBP28.00$g0$hP$5Uk
=CAT  \\$a11439$b40$c20040510$lTMP01$h1612
=CAT  \\$aBATCH-CLA$b00$c20130531$lBLL01$h1652
=CAT  \\$aBATCH-MBS$c20130531$lBLL01$h2117
=CAT  \\$aIPL-CLA$c20130701$lBLL01$h0042
=CAT  \\$aWR13.114$c20130717$lBLL01$h1313
=CAT  \\$aBATCH-PORT$c20130829$lBLL01$h1113
=CAT  \\$aBATCH-CLA$b00$c20131129$lBLL01$h1704
=CAT  \\$aIPL-CLA$c20131231$lBLL01$h2337
=CAT  \\$aWR14_009$c20140204$lBLL01$h2341
=CAT  \\$aBATCH-CLA$b00$c20140228$lBLL01$h1619
=CAT  \\$aIPL-CLA$c20140331$lBLL01$h1626
=CAT  \\$aBATCH-CLA$b00$c20150828$lBLL01$h1543
=CAT  \\$aIPL-CLA$c20150930$lBLL01$h1802
=CAT  \\$aW1711-1005$c20171206$lBLL01$h1816
=CAT  \\$a5552$b40$c20180820$lBLL01$h1056
=CAT  \\$aBLDSS-3PM$b00$c20180830$lBLL01$h1301
=CAT  \\$aBATCH-UPD$b00$c20180830$lBLL01$h1302
=CAT  \\$aBATCH-UPD$b00$c20181121$lBLL01$h1621
=CAT  \\$aIPL-CLA$c20181231$lBLL01$h1540
=CAT  \\$a5410$b40$c20191108$lBLL01$h1405
=CAT  \\$a5410$b40$c20191111$lBLL01$h1358
=CAT  \\$aR1911-0245$c20191127$lBLL01$h0822
=CAT  \\$aR1911-0245$c20191127$lBLL01$h1045
=CAT  \\$aIPL-CLA$c20191231$lBLL01$h1927
=CAT  \\$aW2111-0842$c20211209$lBLL01$h1035
=CAT  \\$aIPL-CLA$c20211231$lBLL01$h1542
=CFI  0\$aCurrent copyright fee: GBP46.00$c35\0$e01-jan-2022$fGBP46.00$g0$hP$5Uk
=CFI  2\$aPrevious Copyright Fee: GBP32.00$c35\0$e01-jan-2020$fGBP32.00$g0$hP$5Uk
=FFP  \\$aY$bBLDSS-3PM
=FIN  \\$aY$d20130523
=FMT  \\$a  SE
=LAS  \\$aIPL-CLA$b00$c20211231$lBLL01$h1542
=LET  \0$aEconometrica (Online)
=LKR  \\$aPAR$b007845528$lBLL01$r776$mEconometrica journal of the Econometric Society.$nEconometrica
=MNI  \\$a0012-9682
=SID  \\$aZ39$bOCLC
=TCO  \\$aTRS$bCCC$c008
=TOC  \\$aETOC
=UNO  \\$aY

