=LDR  06175cas a2201189 a 4500
=001  012914034
=003  Uk
=005  20230822090238.0
=006  m\\\\\o\\d\\\\\\\\
=007  cr||||||||||||
=008  020319c18349999enktr\pso\\\\\0\\\a0eng\c
=010  \\$a2009236210
=015  \\$aGBB407316$2bnb
=022  0\$a1474-0591
=035  \\$a(OCoLC)49342745$z(OCoLC)48757717$z(OCoLC)48788789$z(OCoLC)230746170$z(OCoLC)316300865
=037  \\$aBL_13561863$bPortico$nCambridge University Press
=037  3\$aISSN_13561863$bPortico$nCambridge University Press
=040  \\$aF#A$beng$cF#A$dOCLCQ$dOCL$dSYB$dNTE$dEXW$dJPG$dOCLCQ$dHLS$dEYM$dMYG$dEYM$dHUL$dOCLCQ$dGUA$dOCLCQ$dOCLCF$dUk
=042  \\$aukblsr
=043  \\$aa------$aaw-----
=050  14$aAS122$b.L72
=050  \4$aDS1
=082  04$a950.05$223
=130  0\$aJournal of the Royal Asiatic Society of Great Britain and Ireland (Online)
=222  \0$aJournal of the Royal Asiatic Society$b(Online)
=245  10$aJournal of the Royal Asiatic Society of Great Britain & Ireland$h[electronic resource].
=246  1\$iVols. for Apr. 1991- have title:$aJournal of the Royal Asiatic Society
=246  3\$aJournal of the Royal Asiatic Society of Great Britain and Ireland
=260  \\$aLondon :$bJohn W. Parker and Son,$c1834-
=260  3\$3<2004-> :$aCambridge, UK :$bCambridge University Press on behalf of the Royal Asiatic Society of Great Britain and Ireland
=310  \\$aThree no. a year,$b1991-
=321  \\$aFrequency varies,$b1834-1990
=336  \\$atext$2rdacontent
=337  \\$acomputer$2rdamedia
=338  \\$aonline resource$2rdacarrier
=362  0\$aVol. 1 (1834)-v. 20 (1863) ; new ser., v. 1 (1864)-n.s., v. 21 (1889) ; 1890-1990 ; 3rd ser., v. 1, pt. 1 (Apr. 1991)-
=500  \\$aTitle from cover (JSTOR, viewed July 31, 2009).
=500  \\$aHas also appendices and lists of members, with most years also contain the Proceedings and Annual reports of the Society.
=500  \\$aImprint varies.
=515  \\$aOnly pt. 1 of v. 11 and 14 published. Cf. London library catalogue.
=538  \\$aMode of access: World Wide Web.
=540  \\$aCurrent copyright fee: GBP10.00$c0$5Uk
=588  \\$aLatest issue consulted: 3rd series, volume 24, part 1 (January 2014) (Cambridge Journals, viewed January 20, 2014).
=651  \0$aAsia$vPeriodicals.
=651  \0$aMiddle East$vPeriodicals.
=710  2\$aRoyal Asiatic Society of Great Britain and Ireland.
=776  0\$tJournal of the Royal Asiatic Society of Great Britain and Ireland$x1356-1863
=776  08$iPrint version:$tJournal of the Royal Asiatic Society of Great Britain & Ireland$x1356-1863
=780  00$tTransactions of the Royal Asiatic Society of Great Britain and Ireland
=780  05$aSociety of Biblical Archæology (London, England).$tProceedings of the Society of Biblical Archaeology
=852  41$aBritish Library$bHMNTS$jELD Digital store$3Volume 24:Number 1(2014:Jan.)-***Previous issues available in print copy
=856  4\$uhttp://firstsearch.oclc.org$zAddress for accessing the journal using authorization number and password through OCLC FirstSearch Electronic Collections Online
=856  40$31834-1990$uhttp://www.jstor.org/journals/0035869X.html
=856  40$31991-$uhttp://www.jstor.org/journals/13561863.html
=856  40$uhttp://journals.cambridge.org/action/displayJournal?jid=JRA
=856  40$uhttp://journals.cambridge.org/journal_JournaloftheRoyalAsiaticSociety
=859  \\$aELD$bejournal
=945  \\$aJOURNAL- ROYAL ASIATIC SOCIETY OF GREAT BRITAIN AND IRELAND.
=979  \\$aBritish Library$bDSC$j4853.810000
=985  \\$aISSN UK Centre note: The print and online ISSN records for this title are separate from the BL collection records as BL has considered the title change in 1991 to be a minor change. (bib no. 016606717) ISSN were assigned for a major change. Please do not add ISSN UK idetification to this record.
=ACF  \\$aBritish Library not licensed to copy$c0$e01-jul-2006$hC$iCLA Excluded$5Uk
=ACF  \\$aPrevious copyright fee: GBP20.00$c43\0$e01-jul-2009$fGBP20.00$g0$hP$5Uk
=ACF  \\$aBritish Library not licensed to copy$c0$e01-jan-2007$hC$iCLA Excluded$5Uk
=ACF  \\$aPrevious copyright fee: GBP25.00$c43\0$e22-mar-2019$fGBP25.00$g0$hP$5Uk
=ACF  \\$aPrevious Copyright Fee: GBP17.50$c0$e01-apr-2019$fGBP17.50$g0$hA$5Uk
=CAT  \\$a8323$b40$c20040511$lTMP01$h1119
=CAT  \\$aBATCH-UPD$b40$c20121105$lBLL01$h1136
=CAT  \\$aBATCH-CLA$b00$c20121109$lBLL01$h1731
=CAT  \\$a8411$b40$c20131223$lBLL01$h1515
=CAT  \\$a11316$b40$c20140120$lBLL01$h1023
=CAT  \\$a11316$b40$c20140120$lBLL01$h1050
=CAT  \\$a11316$b40$c20140120$lBLL01$h1051
=CAT  \\$a14112$b40$c20140212$lBLL01$h1406
=CAT  \\$aWR14_097$c20140704$lBLL01$h1704
=CAT  \\$aBLDSS-3PM$b00$c20141208$lBLL01$h1624
=CAT  \\$aBATCH-UPD$b00$c20160413$lBLL01$h1818
=CAT  \\$aBATCH-UPD$b00$c20160613$lBLL01$h1549
=CAT  \\$a5552$b40$c20170404$lBLL01$h1041
=CAT  \\$aW1711-1005$c20171206$lBLL01$h1816
=CAT  \\$a11033$b40$c20180222$lBLL01$h1606
=CAT  \\$aW1902-1304$c20190314$lBLL01$h1239
=CAT  \\$aBATCH-UPD$b00$c20190314$lBLL01$h1618
=CAT  \\$a5552$b40$c20190322$lBLL01$h1122
=CAT  \\$aIPL-CLA$c20190331$lBLL01$h1725
=CAT  \\$aDEL-3PM$c20190409$lBLL01$h0905
=CAT  \\$aBATCH-CLA$b00$c20190621$lBLL01$h1540
=CAT  \\$aIPL-CLA$c20190630$lBLL01$h1532
=CAT  \\$aBATCH-CLA$b00$c20221206$lBLL01$h1723
=CAT  \\$aIPL-CLA$c20221231$lBLL01$h1445
=CAT  \\$a12654$b40$c20230822$lBLL01$h0859
=CAT  \\$a12654$b40$c20230822$lBLL01$h0902
=CFI  0\$aPrevious copyright fee: GBP10.00$c0$e22-aug-2023$fGBP10.00$g0$hC$5Uk
=CFI  2\$aBritish Library not licensed to copy$c0$e01-jan-2023$hC$iCFP Excluded$5Uk
=CFI  2\$aPrevious Copyright Fee: GBP10.00$c0$e01-jul-2019$fGBP10.00$g0$hC$5Uk
=FIN  \\$aY$d20070127
=FMT  \\$a  SE
=LAS  \\$a12654$b40$c20230822$lBLL01$h0902
=LET  \0$aJournal of the Royal Asiatic Society (Electronic)
=MNI  \\$a1356-1863
=SID  \\$aZ39$bOCLC
=TCO  \\$aCLA$bCLA$c008
=TOC  \\$aETOC

