=LDR  02815 as a22007698a 4500
=001  012914629
=003  Uk
=005  20200304143557.0
=006  m\\\\\\\\d\|\\\\\\
=007  cr||||||||||||
=008  040511c20099999enkqr\p\s\\\\\0\\\a0eng\\
=022  0\$a1742-6766$202
=037  \\$aIJPSQ$bInderscience
=040  \\$aUk$beng$cUk
=222  \0$aInternational journal of product sound quality$b(Online)
=245  00$aInternational journal of product sound quality (Online).
=260  \\$aOlney :$bInderscience
=263  \\$a200907
=310  \\$aQuarterly
=336  \\$atext$2rdacontent
=337  \\$acomputer$2rdamedia
=338  \\$aonline resource$2rdacarrier
=540  \\$aCurrent copyright fee: GBP28.00$c48\0$5Uk
=776  0\$tInternational journal of product sound quality$c(Print)$x1742-6758
=852  41$aBritish Library$bHMNTS$jELD Digital store$3Content not received
=856  \\$31850-9999$uhttp://www.inderscience.com/$xBLDSS
=859  \\$aELD$bejournal
=945  \\$aInternational journal of product sound quality.
=979  \\$aBritish Library$bDSC$j4542.484900N
=985  \\$aISSN suppressed 04/03/20. Not published.
=985  \\$aPlease do not merge this record
=CAT  \\$a3072$b40$c20040511$lTMP01$h1358
=CAT  \\$c20060404$lBLL01$h2303
=CAT  \\$c20060404$lBLL01$h0059
=CAT  \\$c20060405$lBLL01$h0235
=CAT  \\$aBATCH-CLA$b00$c20060531$lBLL01$h1724
=CAT  \\$c20060701$lBLL01$h0331
=CAT  \\$c20060701$lBLL01$h0440
=CAT  \\$c20060701$lBLL01$h0549
=CAT  \\$aBATCH-CLA$b00$c20060901$lBLL01$h1647
=CAT  \\$aBATCH-UPD$b00$c20060929$lBLL01$h2100
=CAT  \\$aBATCH-UPD$b00$c20060929$lBLL01$h2202
=CAT  \\$aBATCH$b00$c20060929$lBLL01$h2303
=CAT  \\$a6537$b40$c20061110$lBLL01$h1038
=CAT  \\$a5552$b40$c20110314$lBLL01$h1139
=CAT  \\$aBATCH-UPD$b40$c20110518$lBLL01$h0953
=CAT  \\$aIPL-CLA$c20110630$lBLL01$h1543
=CAT  \\$aBLDSS-3PM$b00$c20141016$lBLL01$h1329
=CAT  \\$a14448$b40$c20160304$lBLL01$h0935
=CAT  \\$a8311$b40$c20160311$lBLL01$h1356
=CAT  \\$aBATCH-UPD$b40$c20160413$lBLL01$h1818
=CAT  \\$aBATCH-UPD$b40$c20160524$lBLL01$h2237
=CAT  \\$aBATCH-UPD$b40$c20160525$lBLL01$h0433
=CAT  \\$a5552$b40$c20170504$lBLL01$h1055
=CAT  \\$a5410$b40$c20170511$lBLL01$h1534
=CAT  \\$aW1711-1005$c20171206$lBLL01$h1816
=CAT  \\$a10806$b40$c20200304$lBLL01$h1435
=CFI  0\$aCurrent copyright fee: GBP28.00$c48\0$e01-jul-2011$fGBP28.00$g0$hP$5Uk
=CFI  2\$aPrevious copyright fee: GBP20.00$c48\0$e14-mar-2011$fGBP20.00$g0$hP$5Uk
=FFP  \\$aY$bBLDSS-3PM
=FMT  \\$a  SE
=LAS  \\$a10806$b40$c20200304$lBLL01$h1435
=MNI  \\$a1742-6758
=STA  \\$aSUPPRESSED$bISSN
=TCO  \\$aCLA$bCLA$c008
=TOC  \\$aETOC
=UNO  \\$aY

