=LDR  04463cas a2200997 a 4500
=001  012920037
=003  Uk
=005  20230511162844.0
=007  ta
=008  040519c20109999it\fr\poo\\\\\0\\\a0eng\\
=022  0\$a2196-1042$y1723-7785
=040  \\$aUk$beng$cUk
=042  \\$aukblsr
=082  04$a617.643$223
=130  0\$aProgress in orthodontics (Online)
=222  \0$aProgress in orthodontics$b(Internet)
=245  10$aProgress in orthodontics$h[electronic resource].
=260  \\$a[Milano] :$bElsevier
=260  3\$a[Heidelberg] :$bSpringer$c2013
=310  \\$aSemiannual
=362  0\$aVol. 11, issue 1 (May 2010)-
=540  \\$aCurrent copyright fee: zero$c22\1$5Uk
=588  \\$aDescription based on: Journal home page (ScienceDirect, viewed Jan. 24, 2012).
=588  \\$aLatest issue consulted: Vol. 12, issue 2 (Nov. 2011) (viewed Jan. 24, 2012).
=650  \0$aOrthodontics$vPeriodicals.
=710  2\$aSocietà italiana di ortodonzia.
=780  00$tProgress in orthodontics$c(Print)$x1723-7785
=852  41$aBritish Library$bDSC$j6872.230000$3Volume 13:Issue 1(2012)-Volume 15:Issue 1(2014)***See ESTAR for full holdings.
=856  \\$31850-9999$uhttp://www.springer.com/gb/$xBLDSS
=945  \\$aProgress in orthodontics
=959  \\$fHeld but not currently received
=985  \\$aAssigned by ISSN Denmark
=ACF  \\$aPrevious copyright fee: GBP21.00$c5\1$e09-jan-2012$fGBP21.00$g0$hP$5Uk
=ACF  \\$aPrevious copyright fee: GBP10.50$c0$e01-jan-2011$fGBP10.50$g0$hA$5Uk
=ACF  \\$aBritish Library not licensed to copy$c0$e01-jul-2009$hC$iCLA Excluded$5Uk
=ACF  \\$aBritish Library not licensed to copy$c0$e01-apr-2009$hC$iCLA Excluded$5Uk
=ACF  \\$aBritish Library not licensed to copy$c0$e01-jan-2009$hC$iCLA Excluded$5Uk
=ACF  \\$aBritish Library not licensed to copy$c0$e01-oct-2008$hC$iCLA Excluded$5Uk
=ACF  \\$aBritish Library not licensed to copy$c0$e01-jul-2008$hC$iCLA Excluded$5Uk
=ACF  \\$aBritish Library not licensed to copy$c0$e01-apr-2008$hC$iCLA Excluded$5Uk
=ACF  \\$aBritish Library not licensed to copy$c0$e01-jan-2008$hC$iCLA Excluded$5Uk
=ACF  \\$aBritish Library not licensed to copy$c0$e01-oct-2007$hC$iCLA Excluded$5Uk
=ACF  \\$aBritish Library not licensed to copy$c0$e01-jul-2007$hC$iCLA Excluded$5Uk
=ACF  \\$aBritish Library not licensed to copy$c0$e01-apr-2007$hC$iCLA Excluded$5Uk
=ACF  \\$aPrevious Copyright Fee: GBP13.00$c0$e01-oct-2005$fGBP13.00$g0$hC$5Uk
=ACF  \\$aCurrent copyright fee: GBP12.00$c0$e01-jan-2012$fGBP12.00$g0$hA$5Uk
=CAT  \\$a8323$b40$c20040519$lTMP01$h1132
=CAT  \\$aBATCH-UPD$b40$c20101201$lBLL01$h1249
=CAT  \\$aIPL-CLA$c20101231$lBLL01$h1512
=CAT  \\$aWR11_203$c20111204$lBLL01$h1508
=CAT  \\$aIPL-CLA$c20111230$lBLL01$h2018
=CAT  \\$a8464$b40$c20120109$lBLL01$h1145
=CAT  \\$a8464$b40$c20120109$lBLL01$h1146
=CAT  \\$a8124$b40$c20120124$lBLL01$h1422
=CAT  \\$a8124$b40$c20120124$lBLL01$h1424
=CAT  \\$aWR12_038$c20120420$lBLL01$h1826
=CAT  \\$aBATCH-CLA$b00$c20121109$lBLL01$h1731
=CAT  \\$aBATCH-UPD$b00$c20121121$lBLL01$h1656
=CAT  \\$aIPL-CLA$c20121231$lBLL01$h1312
=CAT  \\$aIPL-CLA$c20130102$lBLL01$h1730
=CAT  \\$aBATCH-CLA$b00$c20130526$lBLL01$h1620
=CAT  \\$a12654$b40$c20131022$lBLL01$h1433
=CAT  \\$a12654$b40$c20131022$lBLL01$h1436
=CAT  \\$a12654$b40$c20131022$lBLL01$h1444
=CAT  \\$a12654$b40$c20131022$lBLL01$h1445
=CAT  \\$aBATCH-UPD$b40$c20141118$lBLL01$h1029
=CAT  \\$a12654$b40$c20141118$lBLL01$h1029
=CAT  \\$aBLDSS-3PM$b00$c20150103$lBLL01$h1043
=CAT  \\$aWR14_185$c20160214$lBLL01$h1231
=CAT  \\$aBATCH-UPD$b00$c20160524$lBLL01$h2209
=CAT  \\$aBATCH-UPD$b00$c20160525$lBLL01$h0016
=CAT  \\$a6550$b40$c20190102$lBLL01$h1221
=CAT  \\$aBATCH-FIX$c20230511$lBLL01$h1628
=CFI  0\$aCurrent copyright fee: zero$c22\1$e22-oct-2013$fGBP0.00$g0$hP$5Uk
=CFI  2\$aPrevious copyright fee: GBP22.50$c5\1$e01-jan-2013$fGBP22.50$g0$hP$5Uk
=EST  \\$a1
=FFP  \\$aY$bBLDSS-3PM
=FIN  \\$aY$d20120124
=FMT  \\$a  SE
=LAS  \\$aBATCH-FIX$b00$c20230511$lBLL01$h1628
=LKR  \\$aPAR$b007024947$lBLL01$r78000$mProgress in orthodontics (Online)$nProgress in orthodontics (Print)
=MNI  \\$a1723-7785
=TCO  \\$aCLA$bCLA$c008
=TCO  \\$aITA$bAIDRO / SIAE$c008
=TOC  \\$aETOC
=UNO  \\$aY

