=LDR  04602cas a2201057 a 4500
=001  012957308
=003  Uk
=005  20230930080705.0
=006  m\\\\\\\\d\|\\\\\\
=007  cr||||||||||||
=008  040723c20029999enkbr\p\s\\\\\0\\\a0eng\\
=015  \\$aGBB091212$2bnb
=022  0\$a1744-764X
=037  \\$aISSN_14740338$bPortico$nInforma Healthcare
=037  3\$aISSN_14740338_21$bPortico$nTaylor & Francis
=040  \\$aUk$beng$cUk$dUk
=042  \\$aukblsr
=082  04$a615.704$222
=130  0\$aExpert opinion on drug safety (Online)
=210  0\$aExpert opin. drug saf.$b(Online)
=222  \0$aExpert opinion on drug safety$b(Online)
=245  10$aExpert opinion on drug safety$h[electronic resource].
=260  \\$aLondon :$bAshley Publications
=260  2\$a[London] :$bInforma Healthcare
=264  31$a[London] :$bTaylor & Francis
=310  \\$aSix issues yearly
=336  \\$atext$2rdacontent
=337  \\$acomputer$2rdamedia
=338  \\$aonline resource$2rdacarrier
=362  0\$aVol. 1, no. 1 (May 2002)-
=500  \\$aTitle from journal information screen (Informa Healthcare, viewed on July 28, 2010).
=530  \\$aAlso issued in print.
=540  \\$aCurrent copyright fee: GBP73.00$c2\0$5Uk
=588  \\$aLatest issue consulted: Volume 14, issue 12 (2015) (Taylor & Francis Online, viewed January 7, 2016).
=650  \0$aDrugs$xSide effects$vPeriodicals.
=650  \0$aDrugs$xToxicology$vPeriodicals.
=650  \0$aChemotherapy$vPeriodicals.
=776  1\$tExpert opinion on drug safety$x1474-0338
=852  41$aBritish Library$bDSC$j3842.002945$3Volume 8:Issue 6(2009)-Volume 10:Issue 6(2011)***See ESTAR for full holdings.
=852  41$aBritish Library$bHMNTS$jELD Digital store$3Volume 12:Number 2(2013:Mar.)-***Previous issues available in print copy
=856  \\$31850-9999$uhttp://informahealthcare.com$xBLDSS
=856  4\$uhttp://ninetta.ashley-pub.com/vl=3523218/cl=72/nw=1/rpsv/journal/journal3_home.htm
=856  40$uhttp://informahealthcare.com/journal/eds
=859  \\$aELD$bejournal
=945  \\$aExpert opinion on drug safety
=959  \\$fHeld but not currently received
=985  \\$aISSN UK Centre note: transferred to US Center 6.2.19. Multinational publisher.
=ACF  \\$aBritish Library not licensed to copy$c0$e22-nov-2005$hC$iCLA Excluded$5Uk
=ACF  \\$aPrevious copyright fee: GBP57.00$c45\0$e10-jul-2009$fGBP57.00$g0$hP$5Uk
=ACF  \\$aPrevious copyright fee: GBP59.00$c45\0$e01-jan-2017$fGBP59.00$g0$hP$5Uk
=ACF  \\$aPrevious copyright fee: GBP66.00$c45\0$e01-jan-2019$fGBP66.00$g0$hP$5Uk
=ACF  \\$aPrevious copyright fee: GBP69.00$c45\0$e01-jan-2020$fGBP69.00$g0$hP$5Uk
=ACF  \\$aPrevious copyright fee: GBP71.00$c45\0$e01-jan-2022$fGBP71.00$g0$hP$5Uk
=CAT  \\$a11316$b40$c20040723$lBLL01$h1447
=CAT  \\$a5552$b40$c20150209$lBLL01$h1145
=CAT  \\$a5552$b40$c20150209$lBLL01$h1154
=CAT  \\$a14412$b40$c20151202$lBLL01$h1217
=CAT  \\$a8124$b40$c20160107$lBLL01$h0802
=CAT  \\$a14448$b40$c20160204$lBLL01$h0931
=CAT  \\$a14448$b40$c20160205$lBLL01$h0942
=CAT  \\$aBATCH-UPD$b40$c20160524$lBLL01$h2148
=CAT  \\$aBATCH-UPD$b40$c20160524$lBLL01$h2157
=CAT  \\$a10983$b40$c20160617$lBLL01$h0949
=CAT  \\$a5552$b40$c20161005$lBLL01$h0849
=CAT  \\$aIPL-CLA$c20161230$lBLL01$h2126
=CAT  \\$aW1711-1005$c20171206$lBLL01$h1816
=CAT  \\$a5552$b40$c20181213$lBLL01$h1422
=CAT  \\$aIPL-CLA$c20181231$lBLL01$h1541
=CAT  \\$a10973$b40$c20190128$lBLL01$h1156
=CAT  \\$a10973$b40$c20190206$lBLL01$h1122
=CAT  \\$a14586$b40$c20190708$lBLL01$h1222
=CAT  \\$a5552$b40$c20191120$lBLL01$h0831
=CAT  \\$aIPL-CLA$c20191231$lBLL01$h1928
=CAT  \\$aBATCH-UPD$b00$c20211119$lBLL01$h1518
=CAT  \\$aIPL-CLA$c20211231$lBLL01$h1542
=CAT  \\$aBATCH-UPD$b00$c20230518$lBLL01$h1421
=CAT  \\$aIPL-CLA$c20230518$lBLL01$h1500
=CAT  \\$aR2308-1440$c20230824$lBLL01$h0927
=CAT  \\$aIPL-CLA$c20230930$lBLL01$h0807
=CFI  0\$aCurrent copyright fee: GBP73.00$c2\0$e01-oct-2023$fGBP73.00$g0$hP$5Uk
=CFI  2\$aPrevious copyright fee: GBP73.00$c45\0$e18-may-2023$fGBP73.00$g0$hP$5Uk
=EST  \\$a1
=FFP  \\$aY$bBLDSS-3PM
=FIN  \\$aY
=FMT  \\$a  SE
=LAS  \\$aIPL-CLA$b00$c20230930$lBLL01$h0807
=LET  \0$aExpert opinion on drug safety (Electronic)
=LKR  \\$aPAR$b008524491$lBLL01$nExpert opinion on drug safety (Print)$mExpert opinion on drug safety (Online)$r776
=MNI  \\$a1474-0338
=TCO  \\$aCLA$bCLA$c008
=TOC  \\$aETOC

