=LDR  02307cas a22006257a 4500
=001  013004704
=003  Uk
=005  20230823115925.0
=006  m\\\\\\\\d\|\\\\\\
=007  cr||||||||||||
=008  041001c20179999ne\fr\p\\\\\\\0\\\a0eng\\
=022  0\$a2452-2147
=040  \\$aUk$beng$cUk
=222  \0$aLanguage ecology$b(Online)
=245  00$aLanguage ecology.
=264  \1$aAmsterdam :$bJohn Benjamins Publishing Company
=310  \\$aSemiannual
=336  \\$atext$2rdacontent
=337  \\$acomputer$2rdamedia
=338  \\$aonline resource$2rdacarrier
=540  \\$aCurrent copyright fee: GBP20.00$c78\0$5Uk
=852  \\$aBritish Library$bDSC$j5155.709150$3Volume 1:Issue 1(2017)-Volume 4:Issue 2(2020)
=856  \\$31850-9999$uhttp://benjamins.com$xBLDSS
=856  4\$uwww.jbe-platfor ... http://www.jbe-platform.com/content/journals/24522147
=945  \\$aLanguage Ecology
=959  \\$fHeld but not currently received
=985  \\$aISSN UK Centre note: record amended due to error in processing / confusion between this title and ISSN 1745-3631. This record retained as DSC record due to barcoding issues.
=CAT  \\$a8128$b40$c20041001$lBLL01$h1335
=CAT  \\$a8128$b40$c20041001$lBLL01$h1336
=CAT  \\$a8128$b40$c20041001$lBLL01$h1359
=CAT  \\$a5100$b40$c20041011$lBLL01$h1308
=CAT  \\$a8128$b40$c20041020$lBLL01$h1332
=CAT  \\$a12654$b40$c20161118$lBLL01$h1431
=CAT  \\$a12654$b40$c20161118$lBLL01$h1433
=CAT  \\$a12654$b40$c20161118$lBLL01$h1435
=CAT  \\$aBATCH-UPD$b40$c20161123$lBLL01$h0138
=CAT  \\$aBLDSS-3PM$b00$c20161123$lBLL01$h1724
=CAT  \\$aBATCH-UPD$b00$c20161123$lBLL01$h1810
=CAT  \\$a5552$b40$c20181112$lBLL01$h1427
=CAT  \\$a10973$b40$c20181116$lBLL01$h1414
=CAT  \\$a10973$b40$c20181116$lBLL01$h1415
=CAT  \\$a8055$b40$c20210309$lBLL01$h1011
=CAT  \\$a5410$b40$c20210326$lBLL01$h1124
=CAT  \\$a5410$b40$c20210410$lBLL01$h1730
=CAT  \\$a6558$b40$c20230823$lBLL01$h1159
=CFI  0\$aCurrent copyright fee: GBP20.00$c78\0$e18-nov-2016$fGBP20.00$g0$hP$5Uk
=EST  \\$a1
=FFP  \\$aY$bBLDSS-3PM
=FIN  \\$aY
=FMT  \\$a  SE
=LAS  \\$a6558$b40$c20230823$lBLL01$h1159
=MNI  \\$a2452-1949
=TCO  \\$aCLA$bCLA$c008
=TOC  \\$aETOC
=UNO  \\$aY

