=LDR  03645cab a22008537a 4500
=001  013068460
=003  Uk
=005  20221231210355.0
=007  ta
=007  co\|g|||||||||
=008  041221s2004\\\\ne\a\\\\\\\\\\100\0\eng\\
=020  \\$a9290928638
=040  \\$aUk$beng$cUk
=245  00$aProceedings of the 5th integral workshop on the integral universe :$bBavarian Academy of Sciences, Munich, Germany, 16-20 February 2004 /$c[editor, B. Battrick].
=260  \\$aNoordwijk,$bESA Publications Division,$c2004.
=300  \\$axv, 934 p. :$bill. ;$c30 cm. +$e1 CD-ROM.
=336  \\$atext$2rdacontent
=337  \\$aunmediated$2rdamedia
=338  \\$avolume$2rdacarrier
=490  1\$aESA SP,$x0379-6566 ;$v552
=500  \\$aOne CD-ROM in pocket attached to inside back cover.
=504  \\$aIncludes bibliographical references.
=540  \\$aCurrent Copyright Fee: GBP25.00$c0$5Uk
=591  \\$aPapers.
=595  \\$aCopy of CD-ROM shelved in Conference Index.
=653  1\$aIntegral universe
=653  1\$aSpace
=653  1\$aESA
=700  1\$aBattrick, B.,$d1946-
=710  2\$aBayerische Akademie der Wissenschaften.
=710  2\$aEuropean Space Agency.
=830  \0$aESA SP,$x0379-6566 ;$v552
=852  41$aBritish Library$bDSC$j3830.150000
=852  71$aBritish Library$bSTI$k(P)$hUW 00$m-E(22)$2blsrissc
=852  41$aBritish Library$bDSC$j3830.150000$ino.552(2004)
=985  \\$aEuropean Space Agency, ISSN 0379-6566 ; vol 552 2004
=ACF  \\$aPrevious copyright fee: GBP12.00$c0$e01-jan-2012$fGBP12.00$g0$hA$5Uk
=ACF  \\$aPrevious Copyright Fee: GBP12.30$c0$e01-jan-2014$fGBP12.30$g0$hA$5Uk
=ACF  \\$aPrevious Copyright Fee: GBP15.00$c0$e01-jan-2017$fGBP15.00$g0$hA$5Uk
=ACF  \\$aPrevious Copyright Fee: GBP20.00$c0$e01-jan-2020$fGBP20.00$g0$hA$5Uk
=CAT  \\$a11245$b40$c20041221$lBLL01$h1248
=CAT  \\$a11245$b40$c20041222$lBLL01$h0858
=CAT  \\$a11245$b40$c20050207$lBLL01$h0945
=CAT  \\$a11245$b40$c20050207$lBLL01$h0949
=CAT  \\$a11245$b40$c20050207$lBLL01$h1215
=CAT  \\$a11245$b40$c20050207$lBLL01$h1231
=CAT  \\$aBATCH$b00$c20091217$lBLL01$h0337
=CAT  \\$a8874$b40$c20110525$lBLL01$h1107
=CAT  \\$aBATCH-CLA$b00$c20120928$lBLL01$h1841
=CAT  \\$aBATCH-CLA$b00$c20120930$lBLL01$h1055
=CAT  \\$aBATCH-CLA$b00$c20130508$lBLL01$h0744
=CAT  \\$aBATCH-CLA$c20131220$lBLL01$h2031
=CAT  \\$aIPL-CLA$c20131231$lBLL01$h2345
=CAT  \\$aBATCH-RDA$c20160127$lBLL01$h1359
=CAT  \\$aBATCH-CLA$b00$c20161222$lBLL01$h1804
=CAT  \\$aIPL-CLA$c20161230$lBLL01$h2133
=CAT  \\$aBATCH-CLA$b00$c20171222$lBLL01$h2126
=CAT  \\$aIPL-CLA$c20171231$lBLL01$h1638
=CAT  \\$aBATCH-CLA$b00$c20191219$lBLL01$h1732
=CAT  \\$aIPL-CLA$c20191231$lBLL01$h1931
=CAT  \\$aR2001-1524$c20200127$lBLL01$h2008
=CAT  \\$aBATCH-CLA$b00$c20200128$lBLL01$h0455
=CAT  \\$aBATCH-CLA$b00$c20201204$lBLL01$h1533
=CAT  \\$aIPL-CLA$c20201231$lBLL01$h2157
=CAT  \\$aBATCH-CLA$b00$c20221221$lBLL01$h1842
=CAT  \\$aIPL-CLA$c20221231$lBLL01$h2103
=CFI  0\$aCurrent Copyright Fee: GBP25.00$c0$e01-jan-2023$fGBP25.00$g0$hA$5Uk
=CFI  2\$aPrevious Copyright Fee: GBP22.50$c0$e01-jan-2021$fGBP22.50$g0$hA$5Uk
=CNF  \\$aIntegral universe (Workshop)$n(5th :$d2004 Feb :$cMunich, Germany)
=FIN  \\$aY$d20041221
=FMT  \\$a  BK
=LAS  \\$aIPL-CLA$b00$c20221231$lBLL01$h2103
=LKR  \\$aANA$b015814792$lBLL01$nEUROPEAN SPACE AGENCY -PUBLICATIONS- ESA SP.$mProceedings of the 5th integral workshop on the integral universe$r773$v552
=TCO  \\$aNLD$bSTICHTING REPRORECHT$c008

