=LDR  06087cas a2201273 a 4500
=001  013087408
=003  Uk
=005  20230304012258.0
=006  m\\\\\\\\d\\\\\\\\
=007  cr\cnu||||||||
=008  991108c19999999gw\mr\pso\\\\\0\\\b0ger\d
=010  \\$a2007233678
=022  \\$a1437-1588
=035  \\$a(OCoLC)42787158
=040  \\$aGAT$cGAT$dOCLCQ$dDLC$dOCLCQ$dMUQ$dOCL$dGUA$dUk
=041  0\$ager$beng
=042  \\$aukblsr
=050  14$aRA421
=082  04$a610.94305$222
=130  0\$aBundesgesundheitsblatt, Gesundheitsforschung, Gesundheitsschutz (Online)
=245  10$aBundesgesundheitsblatt, Gesundheitsforschung, Gesundheitsschutz$h[electronic resource].
=260  \\$aBerlin :$bSpringer,$c1999-
=310  \\$aMonthly
=336  \\$atext$2rdacontent
=337  \\$acomputer$2rdamedia
=338  \\$aonline resource$2rdacarrier
=362  0\$aVol. 42, no. 1 (Jan. 1999)-
=538  \\$aMode of access: World Wide Web.
=540  \\$aCurrent copyright fee: GBP34.95$c22\1$5Uk
=546  \\$aArticles in German; summaries in English and German.
=580  \\$aMerger of: Bundesgesundheitsblatt (Online), and: Infektionsepidemiologische Forschung (Online), and continues the numbering of the former.
=580  \\$aIncludes issues for 1997-1999 of earlier title: Bundesgesundheitsblatt.
=588  \\$aTitle from title screen.
=588  \\$aLatest issue consulted: Vol. 54, no. 4 (Apr. 2011), SpringerLink, viewed May 3rd, 2011.
=650  \0$aPublic health$vPeriodicals.
=650  \0$aMedical policy$vPeriodicals.
=650  \0$aMedicine$xResearch$vPeriodicals.
=650  \0$aMedicine, Preventive$vPeriodicals.
=776  08$iPrint version:$tBundesgesundheitsblatt, Gesundheitsforschung, Gesundheitsschutz$x1436-9990
=780  14$tBundesgesundheitsblatt$c(Online)
=780  14$tInfektionsepidemiologische Forschung$c(Online)
=852  \\$aBritish Library$bDSC$j2930.200200$3Volume 42:Issue 1(1999)-Volume 61:Issue 3(2018)***See ESTAR for full holdings.
=852  \\$aBritish Library$bDSC
=856  \\$31850-9999$uhttp://www.springer.com/gb/$xBLDSS
=856  40$uhttp://link.springer-ny.com/link/service/journals/00103/index.htm
=856  40$uhttp://www.springerlink.com/content/103073/$zIncludes issues for 1997-1999 of earlier title: Bundesgesundheitsblatt
=859  \\$aXLD$bejournal
=945  \\$aBundesgesundheitsblatt Gesundheitsforschung Gesundheitsschutz.
=959  \\$fCurrently available
=979  \\$aBritish Library$bDSC$j2930.200200
=985  \\$aBoth ISSN are work records on portal
=ACF  \\$aPrevious copyright fee: GBP16.67$c22\3$e01-jan-2006$fGBP16.67$g0$hP$5Uk
=ACF  \\$aPrevious copyright fee: GBP16.22$c22\3$e01-apr-2005$fGBP16.22$g0$hP$5Uk
=ACF  \\$aPrevious copyright fee: GBP16.67$c22\3$e01-jan-2005$fGBP16.67$g0$hP$5Uk
=ACF  \\$aPrevious copyright fee: GBP17.14$c22\3$e01-apr-2006$fGBP17.14$g0$hP$5Uk
=ACF  \\$aPrevious copyright fee: GBP22.00$c22\3$e12-aug-2012$fGBP22.00$g0$hP$5Uk
=ACF  \\$aPrevious copyright fee: GBP25.00$c22\3$e01-jan-2013$fGBP25.00$g0$hP$5Uk
=ACF  \\$aPrevious copyright fee: GBP25.77$c22\3$e01-jul-2013$fGBP25.77$g0$hP$5Uk
=ACF  \\$aPrevious copyright fee: GBP24.97$c22\3$e01-jan-2014$fGBP24.97$g0$hP$5Uk
=ACF  \\$aPrevious copyright fee: GBP24.21$c22\3$e01-jul-2014$fGBP24.21$g0$hP$5Uk
=ACF  \\$aPrevious copyright fee: GBP25.77$c22\3$e01-apr-2015$fGBP25.77$g0$hP$5Uk
=ACF  \\$aPrevious copyright fee: GBP26.63$c22\3$e01-jul-2015$fGBP26.63$g0$hP$5Uk
=ACF  \\$aPrevious copyright fee: GBP25.77$c22\3$e01-oct-2015$fGBP25.77$g0$hP$5Uk
=ACF  \\$aPrevious copyright fee: GBP27.55$c22\3$e01-apr-2016$fGBP27.55$g0$hP$5Uk
=ACF  \\$aPrevious copyright fee: GBP29.59$c22\3$e01-oct-2016$fGBP29.59$g0$hP$5Uk
=ACF  \\$aPrevious copyright fee: GBP31.96$c22\3$e01-apr-2017$fGBP31.96$g0$hP$5Uk
=ACF  \\$aPrevious copyright fee: GBP30.73$c22\3$e01-oct-2017$fGBP30.73$g0$hP$5Uk
=ACF  \\$aPrevious copyright fee: GBP28.54$c22\3$e01-apr-2018$fGBP28.54$g0$hP$5Uk
=ACF  \\$aPrevious copyright fee: GBP34.00$c22\1$e01-jul-2018$fGBP34.00$g0$hP$5Uk
=CAT  \\$a5552$b40$c20050119$lBLL01$h1441
=CAT  \\$aIPL-CLA$c20150630$lBLL01$h1646
=CAT  \\$aBATCH-UPD$b00$c20150820$lBLL01$h1837
=CAT  \\$aIPL-CLA$c20150930$lBLL01$h1806
=CAT  \\$aBATCH-UPD$b00$c20160217$lBLL01$h1727
=CAT  \\$aIPL-CLA$c20160331$lBLL01$h1726
=CAT  \\$aBATCH-UPD$b00$c20160524$lBLL01$h2209
=CAT  \\$aBATCH-UPD$b00$c20160525$lBLL01$h0017
=CAT  \\$aBATCH-UPD$b00$c20160824$lBLL01$h1754
=CAT  \\$aIPL-CLA$c20160930$lBLL01$h1603
=CAT  \\$a5552$b40$c20161213$lBLL01$h1428
=CAT  \\$aBATCH-UPD$b40$c20170216$lBLL01$h1843
=CAT  \\$aIPL-CLA$c20170331$lBLL01$h1844
=CAT  \\$aBATCH-UPD$b00$c20170904$lBLL01$h1851
=CAT  \\$aIPL-CLA$c20170929$lBLL01$h1728
=CAT  \\$aBATCH-UPD$b00$c20180223$lBLL01$h1720
=CAT  \\$aIPL-CLA$c20180331$lBLL01$h1619
=CAT  \\$aW1805-0475$c20180520$lBLL01$h1631
=CAT  \\$aBATCH-UPD$b00$c20180524$lBLL01$h1713
=CAT  \\$aIPL-CLA$c20180630$lBLL01$h1916
=CAT  \\$aW1908-0780$b00$c20200730$lBLL01$h1326
=CAT  \\$a5552$b40$c20200818$lBLL01$h1344
=CAT  \\$a5552$b40$c20210810$lBLL01$h1149
=CAT  \\$aIPL-CLA$c20210930$lBLL01$h1527
=CAT  \\$aBATCH-UPD$b00$c20221121$lBLL01$h1411
=CAT  \\$aIPL-CLA$c20221231$lBLL01$h1445
=CAT  \\$a5410$b40$c20230304$lBLL01$h0122
=CFI  0\$aCurrent copyright fee: GBP34.95$c22\1$e01-jan-2023$fGBP34.95$g0$hP$5Uk
=CFI  2\$aPrevious copyright fee: GBP43.00$c22\1$e01-oct-2021$fGBP43.00$g0$hP$5Uk
=EST  \\$a1
=FFP  \\$aY$bBLDSS-3PM
=FIN  \\$aY$d20110503
=FMT  \\$a  SE
=LAS  \\$a5410$b40$c20230304$lBLL01$h0122
=LKR  \\$aPAR$b011737388$lBLL01$r776$mBundesgesundheitsblatt gesundheitsforschung gesundheitsschutz (Online)$nBundesgesundheitsblatt gesundheitsforschung gesundheitsschutz (Print)
=MNI  \\$a1436-9990
=SID  \\$aZ39$bOCLC
=TCO  \\$aDEU$bVG WORT$c008
=TOC  \\$aETOC
=UNO  \\$aY

