=LDR  05835cas a2201297 a 4500
=001  013089544
=003  Uk
=005  20221231144553.0
=006  m\\\\\\\\d\\\\\\\\
=007  cr\|||||||||||
=008  880223c19889999nyuqr\p\o\\\\\0\\\a0eng\d
=010  \\$a89642433$zsn 88035710
=015  \\$aGBB605936$2bnb
=022  \\$a1867-2280
=030  \\$aCNDCE4
=032  \\$a005471$bUSPS
=035  \\$a(OCoLC)317817742$z(OCoLC)659262865
=037  \\$aISSN_09332480$bPortico$nTaylor & Francis
=040  \\$aOWoA$cTOH$dVRC$dOCLCQ$dOCLCE$dUk
=042  \\$aukblsr
=050  00$aQA276.A1$bC45
=082  00$a519.205$223
=130  0\$aChance (New York, N.Y. : Online)
=210  0\$aChance$b(N. Y., Online)
=222  \0$aChance$b(New York. Online)
=245  10$aChance$h[electronic resource].
=260  \\$aNew York :$bSpringer-Verlag,$c1988-
=264  31$32012-$a[Philadelphia] :$bTaylor & Francis
=310  \\$aQuarterly
=336  \\$atext$2rdacontent
=337  \\$acomputer$2rdamedia
=338  \\$aonline resource$2rdacarrier
=362  0\$aVol. 1, no. 1 (winter 1988)-
=500  \\$a"New directions for statistics and computing."
=500  \\$aTitle from cover.
=506  \\$aAccess may require a library card.
=540  \\$aCurrent copyright fee: GBP43.00$c2\0$5Uk
=550  \\$a"A magazine of the American Statistical Association," <winter 1994- >.
=588  \\$aLatest issue consulted: volume 28, issue 4 (2015) (Taylor & Francis Online, viewed January 12, 2016).
=650  \0$aStatistics$vPeriodicals.
=650  \0$aMathematical statistics$vPeriodicals.
=650  \0$aMathematical statistics$xData processing$vPeriodicals.
=650  \0$aProbablities$vPeriodicals.
=710  2\$aAmerican Statistical Association.
=776  08$iAlso issued in print as:$tChance (New York, N.Y.)$x0933-2480
=852  41$aBritish Library$bHMNTS$jELD Digital store$3Volume 29:Issue 1(2016)-***Previous issues available in print copy
=852  41$aBritish Library$bDSC$j3129.632370$3Volume 21:Issue 1 (2008)-Volume 30:Issue 4(2017)***See ESTAR for full holdings.
=856  \\$31850-9999$uhttp://www.tandfonline.com/$xBLDSS
=856  4\$uhttp://www.tandfonline.com/toc/ucha20/current
=859  \\$aELD$bejournal
=945  \\$aChance -Berlin then New York-
=959  \\$fHeld but not currently received
=979  \\$aBritish Library$bDSC$j3129.632370
=985  \\$aonline ISSN quoted on T&F Online is still free on portal 13/6/13
=ACF  \\$aPrevious copyright fee: GBP21.25$c22\8$e01-jan-2009$fGBP21.25$g0$hP$5Uk
=ACF  \\$aPrevious copyright fee: GBP16.75$c22\8$e01-jan-2007$fGBP16.75$g0$hP$5Uk
=ACF  \\$aPrevious copyright fee: GBP16.22$c22\8$e01-oct-2006$fGBP16.22$g0$hP$5Uk
=ACF  \\$aPrevious copyright fee: GBP17.14$c22\8$e01-apr-2006$fGBP17.14$g0$hP$5Uk
=ACF  \\$aPrevious copyright fee: GBP16.67$c22\8$e01-jan-2006$fGBP16.67$g0$hP$5Uk
=ACF  \\$aPrevious copyright fee: GBP16.22$c22\8$e01-apr-2005$fGBP16.22$g0$hP$5Uk
=ACF  \\$aPrevious copyright fee: GBP16.67$c22\8$e01-jan-2005$fGBP16.67$g0$hP$5Uk
=ACF  \\$aPrevious copyright fee: GBP22.00$c22\8$e01-apr-2009$fGBP22.00$g0$hP$5Uk
=ACF  \\$aPrevious copyright fee: GBP27.00$c2\0$e01-jan-2012$fGBP27.00$g0$hP$5Uk
=ACF  \\$aPrevious copyright fee: GBP27.50$c2\0$e01-jan-2013$fGBP27.50$g0$hP$5Uk
=ACF  \\$aPrevious copyright fee: GBP28.00$c2\0$e01-jan-2014$fGBP28.00$g0$hP$5Uk
=ACF  \\$aPrevious copyright fee: GBP30.00$c2\0$e01-jan-2015$fGBP30.00$g0$hP$5Uk
=ACF  \\$aPrevious copyright fee: GBP34.00$c2\0$e01-jan-2016$fGBP34.00$g0$hP$5Uk
=ACF  \\$aPrevious copyright fee: GBP31.00$c2\0$e01-apr-2016$fGBP31.00$g0$hP$5Uk
=ACF  \\$aPrevious copyright fee: GBP33.00$c2\0$e01-jan-2017$fGBP33.00$g0$hP$5Uk
=ACF  \\$aPrevious copyright fee: GBP35.00$c2\0$e01-jan-2018$fGBP35.00$g0$hP$5Uk
=ACF  \\$aPrevious copyright fee: GBP37.00$c2\0$e01-jan-2019$fGBP37.00$g0$hP$5Uk
=ACF  \\$aPrevious copyright fee: GBP39.00$c2\0$e01-jan-2020$fGBP39.00$g0$hP$5Uk
=CAT  \\$a6524$b40$c20050122$lBLL01$h1529
=CAT  \\$aBATCH-UPD$b00$c20151119$lBLL01$h1534
=CAT  \\$a11147$b40$c20151216$lBLL01$h1350
=CAT  \\$aIPL-CLA$c20151231$lBLL01$h1921
=CAT  \\$a5997$b40$c20160112$lBLL01$h1257
=CAT  \\$a5997$b40$c20160112$lBLL01$h1258
=CAT  \\$a8478$b40$c20160204$lBLL01$h1341
=CAT  \\$aWR14_128$c20160226$lBLL01$h1625
=CAT  \\$a5552$b40$c20160301$lBLL01$h0853
=CAT  \\$aIPL-CLA$c20160331$lBLL01$h1726
=CAT  \\$aBATCH-UPD$b00$c20160815$lBLL01$h0343
=CAT  \\$aBATCH-UPD$b00$c20161122$lBLL01$h1505
=CAT  \\$aIPL-CLA$c20161230$lBLL01$h2134
=CAT  \\$aBATCH-UPD$b00$c20171121$lBLL01$h1655
=CAT  \\$aW1711-1005$c20171206$lBLL01$h1817
=CAT  \\$aIPL-CLA$c20171231$lBLL01$h1639
=CAT  \\$aBATCH-UPD$b00$c20181217$lBLL01$h1644
=CAT  \\$aIPL-CLA$c20181231$lBLL01$h1541
=CAT  \\$aW1811-111$c20190203$lBLL01$h0956
=CAT  \\$aBATCH-UPD$b00$c20191122$lBLL01$h1906
=CAT  \\$aIPL-CLA$c20191231$lBLL01$h1931
=CAT  \\$aBATCH-UPD$b00$c20201118$lBLL01$h1340
=CAT  \\$aIPL-CLA$c20201231$lBLL01$h1528
=CAT  \\$aBATCH-UPD$b00$c20221121$lBLL01$h1339
=CAT  \\$a5410$b40$c20221208$lBLL01$h1320
=CAT  \\$aIPL-CLA$c20221231$lBLL01$h1445
=CFI  0\$aCurrent copyright fee: GBP43.00$c2\0$e01-jan-2023$fGBP43.00$g0$hP$5Uk
=CFI  2\$aPrevious copyright fee: GBP41.00$c2\0$e01-jan-2021$fGBP41.00$g0$hP$5Uk
=EST  \\$a1
=FFP  \\$aY$bBLDSS-3PM
=FIN  \\$aY$d20110628
=FMT  \\$a  SE
=LAS  \\$aIPL-CLA$b00$c20221231$lBLL01$h1445
=LET  \0$aChance (Electronic)
=LKR  \\$aPAR$b011748193$lBLL01$r776$mChance (Online)$nChance (Print)
=MNI  \\$a0933-2480
=SID  \\$aZ39$bOCLC
=TCO  \\$aTRS$bCCC$c008
=TOC  \\$aETOC

