=LDR  05925cas a2201249 a 4500
=001  013091365
=003  Uk
=005  20221231144558.0
=006  m\\\\\\\\d\\\\\\\\
=007  cr\cnu||||||||
=008  991216c19969999gw\bx\pso\\\\\0\\\a0eng\c
=010  \\$a00227039
=022  0\$a1432-1327$l0949-8257$y0949-8257
=035  \\$a(OCoLC)43038502
=037  \\$a???$bSpringer
=040  \\$aGAT$cGAT$dEYM$dOCLCQ$dMUQ$dOCL$dVRC$dOCLCQ$dUk
=042  \\$aukblsr
=050  14$aQP531$b.J68
=082  04$a572.51$223
=130  0\$aJournal of biological inorganic chemistry (Online)
=222  \0$aJBIC, Journal of biological and inorganic chemistry$b(Internet)
=245  10$aJournal of biological inorganic chemistry$h[electronic resource] :$bJBIC : a publication of the Society of Biological Inorganic Chemistry.
=246  30$aJBIC
=260  \\$aBerlin :$bSpringer,$c1996-
=310  \\$aBimonthly
=336  \\$atext$2rdacontent
=337  \\$acomputer$2rdamedia
=338  \\$aonline resource$2rdacarrier
=362  0\$aVol. 1, issue 1 (1996)-
=525  \\$aIncludes electronic supplementary materials.
=530  \\$aAlso issued in print.
=538  \\$aMode of access: World Wide Web.
=540  \\$aCurrent copyright fee: GBP29.95$c22\1$5Uk
=550  \\$aIssued by the Society of Biological Inorganic Chemistry.
=588  \\$aTitle from journal home page (viewed Dec. 16, 1999).
=588  \\$aLatest issue consulted: Vol. 16, no. 7 (Oct. 2011), (SpringerLink, viewed Sept. 26, 2011).
=650  \0$aBioinorganic chemistry$vPeriodicals.
=710  2\$aSociety of Biological Inorganic Chemistry.
=776  1\$tJournal of biological inorganic chemistry$x0949-8257
=852  41$aBritish Library$bDSC$j4663.436500$3Volume 5:Issue 1(2000)-Volume 23:Issue 2(2018)***See ESTAR for full holdings.
=852  41$aBritish Library$bHMNTS$jELD Digital store$3Volume 23:Issue 2(2018)-
=856  \\$31850-9999$uhttp://www.springer.com/gb/$xBLDSS
=856  40$uhttp://link.springer-ny.com/link/service/journals/00775/index.htm
=856  40$uhttp://www.springerlink.com/content/0949-8257/
=859  \\$aELD$bejournal
=859  \\$aXLD$bejournal
=945  \\$aJBIC -Heidelberg-
=959  \\$fHeld but not currently received
=979  \\$aBritish Library$bDSC$j4663.436500
=985  \\$aISSN key title in record is as appears on ISSN portal, though the "and" does not appear on the actual journal. (ISSN appear to have thought 'biological' and 'inorganic' to be contradictory so inserted the "and"?, CS 26/9/11)
=ACF  \\$aPrevious copyright fee: GBP16.67$c22\3$e01-jan-2006$fGBP16.67$g0$hP$5Uk
=ACF  \\$aPrevious copyright fee: GBP16.22$c22\3$e01-apr-2005$fGBP16.22$g0$hP$5Uk
=ACF  \\$aPrevious copyright fee: GBP16.67$c22\3$e01-jan-2005$fGBP16.67$g0$hP$5Uk
=ACF  \\$aPrevious copyright fee: GBP17.14$c22\3$e01-apr-2006$fGBP17.14$g0$hP$5Uk
=ACF  \\$aPrevious copyright fee: GBP22.00$c22\3$e12-aug-2012$fGBP22.00$g0$hP$5Uk
=ACF  \\$aPrevious copyright fee: GBP25.00$c22\3$e01-jan-2013$fGBP25.00$g0$hP$5Uk
=ACF  \\$aPrevious copyright fee: GBP25.77$c22\3$e01-jul-2013$fGBP25.77$g0$hP$5Uk
=ACF  \\$aPrevious copyright fee: GBP24.97$c22\3$e01-jan-2014$fGBP24.97$g0$hP$5Uk
=ACF  \\$aPrevious copyright fee: GBP24.21$c22\3$e01-jul-2014$fGBP24.21$g0$hP$5Uk
=ACF  \\$aPrevious copyright fee: GBP25.77$c22\3$e01-apr-2015$fGBP25.77$g0$hP$5Uk
=ACF  \\$aPrevious copyright fee: GBP26.63$c22\3$e01-jul-2015$fGBP26.63$g0$hP$5Uk
=ACF  \\$aPrevious copyright fee: GBP25.77$c22\3$e01-oct-2015$fGBP25.77$g0$hP$5Uk
=ACF  \\$aPrevious copyright fee: GBP27.55$c22\3$e01-apr-2016$fGBP27.55$g0$hP$5Uk
=ACF  \\$aPrevious copyright fee: GBP29.59$c22\3$e01-oct-2016$fGBP29.59$g0$hP$5Uk
=ACF  \\$aPrevious copyright fee: GBP31.96$c22\3$e01-apr-2017$fGBP31.96$g0$hP$5Uk
=ACF  \\$aPrevious copyright fee: GBP30.73$c22\3$e01-oct-2017$fGBP30.73$g0$hP$5Uk
=ACF  \\$aPrevious copyright fee: GBP28.54$c22\3$e01-apr-2018$fGBP28.54$g0$hP$5Uk
=CAT  \\$a8335$b40$c20050125$lBLL01$h1259
=CAT  \\$aBATCH-UPD$b00$c20150520$lBLL01$h1750
=CAT  \\$aIPL-CLA$c20150630$lBLL01$h1646
=CAT  \\$aBATCH-UPD$b00$c20150820$lBLL01$h1837
=CAT  \\$aIPL-CLA$c20150930$lBLL01$h1806
=CAT  \\$aBATCH-UPD$b00$c20160217$lBLL01$h1727
=CAT  \\$aIPL-CLA$c20160331$lBLL01$h1727
=CAT  \\$aBATCH-UPD$b00$c20160524$lBLL01$h2210
=CAT  \\$aBATCH-UPD$b00$c20160525$lBLL01$h0019
=CAT  \\$aBATCH-UPD$b00$c20160824$lBLL01$h1755
=CAT  \\$aIPL-CLA$c20160930$lBLL01$h1603
=CAT  \\$aBATCH-UPD$b00$c20170216$lBLL01$h1843
=CAT  \\$aIPL-CLA$c20170331$lBLL01$h1844
=CAT  \\$aBATCH-UPD$b00$c20170904$lBLL01$h1851
=CAT  \\$aIPL-CLA$c20170929$lBLL01$h1728
=CAT  \\$aBATCH-UPD$b00$c20180223$lBLL01$h1720
=CAT  \\$aIPL-CLA$c20180331$lBLL01$h1620
=CAT  \\$aW1805-0475$c20180520$lBLL01$h1631
=CAT  \\$aBATCH-UPD$b00$c20180524$lBLL01$h1714
=CAT  \\$aIPL-CLA$c20180630$lBLL01$h1916
=CAT  \\$aW1908-0780$b00$c20200730$lBLL01$h1328
=CAT  \\$a15190$b40$c20210106$lBLL01$h1524
=CAT  \\$aCDS21$c20220118$lBLL01$h1105
=CAT  \\$aBATCH-UPD$b00$c20221121$lBLL01$h1400
=CAT  \\$a5410$b40$c20221127$lBLL01$h1117
=CAT  \\$aIPL-CLA$c20221231$lBLL01$h1445
=CFI  0\$aCurrent copyright fee: GBP29.95$c22\1$e01-jan-2023$fGBP29.95$g0$hP$5Uk
=CFI  2\$aPrevious copyright fee: GBP34.00$c22\1$e01-jul-2018$fGBP34.00$g0$hP$5Uk
=EST  \\$a1
=FFP  \\$aY$bBLDSS-3PM
=FIN  \\$aY$d20110927
=FMT  \\$a  SE
=LAS  \\$aIPL-CLA$b00$c20221231$lBLL01$h1445
=LKR  \\$aPAR$b010482345$lBLL01$r776$mJournal of biological inorganic chemistry (Online)$nJournal of biological inorganic chemistry (Print)
=MNI  \\$a0949-8257
=SID  \\$aZ39$bOCLC
=TCO  \\$aZZZ$c008
=TCO  \\$aDEU$bVG WORT$c008
=TOC  \\$aETOC
=UNO  \\$aY

