=LDR  05988cas a2201213 a 4500
=001  013111416
=003  Uk
=005  20221231144609.0
=006  m\\\\\\\\d\\\\\\\\
=007  cr\un|||||||||
=008  050615c19139999gw\qr\poo\os\\0\\\a0eng\c
=010  \\$a2008233882
=022  0\$a1610-2886
=035  \\$a(OCoLC)60637617
=037  \\$a???$bSpringer
=040  \\$aUk$beng$cUk
=042  \\$aukblsr
=082  04$a337$223
=222  \0$aReview of world economics$b(2003. Internet)
=245  00$aReview of world economics$h[electronic resource] =$bWeltwirtschaftliches Archiv.
=246  31$aWeltwirtschaftliches Archiv
=260  \\$aHeidelberg :$bSpringer
=310  \\$aQuarterly
=336  \\$atext$2rdacontent
=337  \\$acomputer$2rdamedia
=338  \\$aonline resource$2rdacarrier
=362  1\$aPrint began with 1. Bd. (Jan. 1913).
=500  \\$aOrder of title varies. Prior to vol. 139, no. 1 (2003) German title comes first.
=540  \\$aCurrent copyright fee: GBP29.95$c22\1$5Uk
=588  \\$aDescription based on v. 139, no. 1 (Mar. 2003) ; title from table of contents page (SpringerLink, viewed Apr. 17, 2012).
=588  \\$aLatest issue consulted: Vol. 148, no. 1 (Apr. 2012) (viewed Apr. 17, 2012).
=650  \0$aInternational economic relations$vPeriodicals.
=690  7\$aManagement and Business Studies$2blcoll
=710  2\$aUniversität Kiel.$bInstitut für Weltwirtschaft.
=776  0\$tWeltwirtschaftliches Archiv$x0043-2636
=776  08$iAlso issued in print:$tWeltwirtschaftliches Archiv$x0043-2636
=852  41$aBritish Library$bDSC$j9295.050000$3Volume 133:Issue 2(1997)-Volume 150:Issue 4(2014)***See ESTAR for full holdings.
=852  41$aBritish Library$bHMNTS$jELD Digital store$3Volume 154:Issue 1(2018)-
=856  \\$31850-9999$uhttp://www.springer.com/gb/$xBLDSS
=856  40$uhttp://www.jstor.org/journals/16102878.html
=856  40$uhttp://www.springerlink.com/content/112760/
=856  40$uhttp://www.springerlink.com/content/1610-2878/
=856  40$uhttp://www.uni-kiel.de/IfW/pub/wa/wa.htm
=859  \\$aELD$bejournal
=945  \\$aWeltwirtschaftliches archiv
=959  \\$fHeld but not currently received
=979  \\$aBritish Library$bDSC$j9295.050000
=985  \\$aPrint and online records do not agree with ISSN Portal or OCLC records. They put a spurious title change at 2003 when the order of parallel titles was reversed (not indicated by AACR2) This is why the online ISSN and key title are out of step with the 245. Decision taken to keep our print and online records in step and in keeping with AACR and CONSER rather than with ISSN Online, CS 18/4/12
=ACF  \\$aPrevious copyright fee: GBP16.67$c22\3$e01-jan-2006$fGBP16.67$g0$hP$5Uk
=ACF  \\$aPrevious copyright fee: GBP16.22$c22\3$e01-apr-2005$fGBP16.22$g0$hP$5Uk
=ACF  \\$aPrevious copyright fee: GBP16.67$c22\3$e15-feb-2005$fGBP16.67$g0$hP$5Uk
=ACF  \\$aPrevious copyright fee: GBP17.14$c22\3$e01-apr-2006$fGBP17.14$g0$hP$5Uk
=ACF  \\$aPrevious copyright fee: GBP22.00$c22\3$e12-aug-2012$fGBP22.00$g0$hP$5Uk
=ACF  \\$aPrevious copyright fee: GBP25.00$c22\3$e01-jan-2013$fGBP25.00$g0$hP$5Uk
=ACF  \\$aPrevious copyright fee: GBP25.77$c22\3$e01-jul-2013$fGBP25.77$g0$hP$5Uk
=ACF  \\$aPrevious copyright fee: GBP24.97$c22\3$e01-jan-2014$fGBP24.97$g0$hP$5Uk
=ACF  \\$aPrevious copyright fee: GBP24.21$c22\3$e01-jul-2014$fGBP24.21$g0$hP$5Uk
=ACF  \\$aPrevious copyright fee: GBP25.77$c22\3$e01-apr-2015$fGBP25.77$g0$hP$5Uk
=ACF  \\$aPrevious copyright fee: GBP26.63$c22\3$e01-jul-2015$fGBP26.63$g0$hP$5Uk
=ACF  \\$aPrevious copyright fee: GBP25.77$c22\3$e01-oct-2015$fGBP25.77$g0$hP$5Uk
=ACF  \\$aPrevious copyright fee: GBP27.55$c22\3$e01-apr-2016$fGBP27.55$g0$hP$5Uk
=ACF  \\$aPrevious copyright fee: GBP29.59$c22\3$e01-oct-2016$fGBP29.59$g0$hP$5Uk
=ACF  \\$aPrevious copyright fee: GBP31.96$c22\3$e01-apr-2017$fGBP31.96$g0$hP$5Uk
=ACF  \\$aPrevious copyright fee: GBP30.73$c22\3$e01-oct-2017$fGBP30.73$g0$hP$5Uk
=ACF  \\$aPrevious copyright fee: GBP28.54$c22\3$e01-apr-2018$fGBP28.54$g0$hP$5Uk
=CAT  \\$a5552$b40$c20050215$lBLL01$h1226
=CAT  \\$aCDS15-UPD$b40$c20150313$lBLL01$h1910
=CAT  \\$aIPL-CLA$c20150331$lBLL01$h1639
=CAT  \\$aBATCH-UPD$b00$c20150520$lBLL01$h1750
=CAT  \\$aIPL-CLA$c20150630$lBLL01$h1646
=CAT  \\$aBATCH-UPD$b00$c20150820$lBLL01$h1837
=CAT  \\$aIPL-CLA$c20150930$lBLL01$h1806
=CAT  \\$aBATCH-UPD$b00$c20160217$lBLL01$h1727
=CAT  \\$aIPL-CLA$c20160331$lBLL01$h1727
=CAT  \\$aBATCH-UPD$b00$c20160524$lBLL01$h2210
=CAT  \\$aBATCH-UPD$b00$c20160525$lBLL01$h0021
=CAT  \\$aBATCH-UPD$b00$c20160824$lBLL01$h1755
=CAT  \\$aIPL-CLA$c20160930$lBLL01$h1603
=CAT  \\$aBATCH-UPD$b00$c20170216$lBLL01$h1843
=CAT  \\$aIPL-CLA$c20170331$lBLL01$h1844
=CAT  \\$aBATCH-UPD$b00$c20170904$lBLL01$h1852
=CAT  \\$aIPL-CLA$c20170929$lBLL01$h1729
=CAT  \\$aBATCH-UPD$b00$c20180223$lBLL01$h1720
=CAT  \\$aIPL-CLA$c20180331$lBLL01$h1620
=CAT  \\$aBATCH-UPD$b00$c20180524$lBLL01$h1714
=CAT  \\$aIPL-CLA$c20180630$lBLL01$h1916
=CAT  \\$a5410$b40$c20200129$lBLL01$h0858
=CAT  \\$a15190$b40$c20210409$lBLL01$h1056
=CAT  \\$a5410$b40$c20221016$lBLL01$h1042
=CAT  \\$aBATCH-UPD$b40$c20221121$lBLL01$h1400
=CAT  \\$aIPL-CLA$c20221231$lBLL01$h1446
=CFI  0\$aCurrent copyright fee: GBP29.95$c22\1$e01-jan-2023$fGBP29.95$g0$hP$5Uk
=CFI  2\$aPrevious copyright fee: GBP34.00$c22\1$e01-jul-2018$fGBP34.00$g0$hP$5Uk
=EST  \\$a1
=FFP  \\$aY$bBLDSS-3PM
=FIN  \\$aY$d20120417
=FMT  \\$a  SE
=LAS  \\$aIPL-CLA$b00$c20221231$lBLL01$h1446
=LKR  \\$aPAR$b011776515$lBLL01$r776$mReview of world economics (Online)$nWeltwirtschaftliches archiv. (Print)
=MNI  \\$a1610-2878
=SID  \\$aZ39$bOCLC
=TCO  \\$aDEU$bVG WORT$c008
=TOC  \\$aETOC
=UNO  \\$aY

