=LDR  06027cas a2201177 i 4500
=001  013121826
=003  Uk
=005  20230924103826.0
=006  m\\\\\\\\d\|\\\\\\
=007  cr||||||||||||
=008  050225c19829999xxufr\p\\\\\\\0\\\a0eng\\
=015  \\$aGBB411944$2bnb
=022  0\$a1945-0109
=037  \\$aUPD$bSage (UK) Ltd
=040  \\$aUk$beng$cUk$erda
=042  \\$aukblsr
=082  04$a780.71$223
=222  \0$aUpdate (University of South Carolina. Dept. of Music. Online)
=245  00$aUpdate, applications of research in music education.
=246  30$aApplications of research in music education
=260  \\$aColumbia, SC :$bDept. of Music, University of South Carolina
=264  31$a[United States] :$bSage
=336  \\$atext$2rdacontent
=337  \\$acomputer$2rdamedia
=338  \\$aonline resource$2rdacarrier
=362  1\$aPrint began with vol. 1, no. 1 (May 1982).
=500  \\$aTitle from pdf cover (SAGE journals, viewed January 29, 2014).
=540  \\$aCurrent copyright fee: GBP32.82$c103\0$5Uk
=550  \\$aIssued by: Music Educators National Conference, and: School of Music of the University of South Carolina, -fall-winter 1989; Music Educators National Conference, 1990- ; MENC: National Association of Music Education, 2004- ; National Association of Music Education, 2011-.
=588  \\$aLatest issue consulted: volume 32, number 1 (November 2013) (viewed January 29, 2014).
=650  \0$aMusic$xInstruction and study$vPeriodicals.
=650  \0$aMusicology$vPeriodicals.
=710  2\$aUniversity of South Carolina.$bDepartment of Music.
=710  2\$aMusic Educators National Conference (U.S.)
=710  2\$aMENC, the National Association for Music Education (U.S.)
=710  2\$aNational Association for Music Education,$eissuing body.
=776  08$iAlso issued in print as:$tUpdate, applications of research in music education$x8755-1233
=852  41$aBritish Library$bHMNTS$jELD Digital store$3Volume 31:Number 2(2013)-***Previous issues available in print copy
=856  \\$31850-9999$uhttp://online.sagepub.com/$xBLDSS
=856  40$uhttp://upd.sagepub.com/
=859  \\$aELD$bejournal
=945  \\$aUpdate -Reston- National Association for Music Education
=979  \\$aBritish Library$cDSC$j9121.907600N
=985  \\$aISSN Centre note: US ISSN Center contacted 29/1/14 concerning new ISSN for this title. USSN ISSN Center does not regard the title as having changed (due to body change) - keep the same ISSN & include 550.
=ACF  \\$aPrevious copyright fee: GBP18.00$c0$e01-jan-2010$fGBP18.00$g0$hC$5Uk
=ACF  \\$aPrevious copyright fee: GBP17.00$c19\0$e06-feb-2009$fGBP17.00$g0$hP$5Uk
=ACF  \\$aBritish Library not licensed to copy$c0$e07-sep-2011$hC$iTX$5Uk
=ACF  \\$aPrevious copyright fee: GBP10.50$c0$e01-jan-2011$fGBP10.50$g0$hA$5Uk
=ACF  \\$aPrevious copyright fee: GBP18.75$c103\0$e21-feb-2014$fGBP18.75$g0$hP$5Uk
=ACF  \\$aPrevious copyright fee: GBP18.15$c103\0$e01-jul-2014$fGBP18.15$g0$hP$5Uk
=ACF  \\$aPrevious copyright fee: GBP19.35$c103\0$e01-apr-2015$fGBP19.35$g0$hP$5Uk
=ACF  \\$aPrevious copyright fee: GBP20.00$c103\0$e01-jul-2015$fGBP20.00$g0$hP$5Uk
=ACF  \\$aPrevious copyright fee: GBP19.35$c103\0$e01-oct-2015$fGBP19.35$g0$hP$5Uk
=ACF  \\$aPrevious copyright fee: GBP24.83$c103\0$e01-apr-2016$fGBP24.83$g0$hP$5Uk
=ACF  \\$aPrevious copyright fee: GBP26.67$c103\0$e01-oct-2016$fGBP26.67$g0$hP$5Uk
=ACF  \\$aPrevious copyright fee: GBP28.80$c103\0$e01-apr-2017$fGBP28.80$g0$hP$5Uk
=ACF  \\$aPrevious copyright fee: GBP27.69$c103\0$e01-oct-2017$fGBP27.69$g0$hP$5Uk
=ACF  \\$aPrevious copyright fee: GBP25.71$c103\0$e01-apr-2018$fGBP25.71$g0$hP$5Uk
=ACF  \\$aPrevious copyright fee: GBP27.69$c103\0$e01-oct-2018$fGBP27.69$g0$hP$5Uk
=ACF  \\$aPrevious copyright fee: GBP29.08$c103\0$e01-jul-2019$fGBP29.08$g0$hP$5Uk
=ACF  \\$aPrevious copyright fee: GBP30.24$c103\0$e01-oct-2019$fGBP30.24$g0$hP$5Uk
=ACF  \\$aPrevious copyright fee: GBP30.29$c103\0$e01-apr-2020$fGBP30.29$g0$hP$5Uk
=ACF  \\$aPrevious copyright fee: GBP31.50$c103\0$e01-jul-2020$fGBP31.50$g0$hP$5Uk
=ACF  \\$aPrevious copyright fee: GBP29.17$c103\0$e01-apr-2021$fGBP29.17$g0$hP$5Uk
=ACF  \\$aPrevious copyright fee: GBP28.13$c103\0$e07-jul-2021$fGBP28.13$g0$hP$5Uk
=CAT  \\$a8291$b40$c20050225$lBLL01$h1628
=CAT  \\$aIPL-CLA$c20170331$lBLL01$h1845
=CAT  \\$aBATCH-UPD$b00$c20170904$lBLL01$h1739
=CAT  \\$aIPL-CLA$c20170929$lBLL01$h1729
=CAT  \\$aW1711-1005$c20171206$lBLL01$h1817
=CAT  \\$aBATCH-UPD$b00$c20180223$lBLL01$h1541
=CAT  \\$aIPL-CLA$c20180331$lBLL01$h1620
=CAT  \\$aBATCH-UPD$b00$c20180823$lBLL01$h1858
=CAT  \\$aIPL-CLA$c20180930$lBLL01$h1502
=CAT  \\$aBATCH-UPD$b00$c20190521$lBLL01$h1346
=CAT  \\$aIPL-CLA$c20190630$lBLL01$h1534
=CAT  \\$aBATCH-UPD$b00$c20190829$lBLL01$h1429
=CAT  \\$aIPL-CLA$c20190930$lBLL01$h1637
=CAT  \\$aBATCH-UPD$b00$c20200219$lBLL01$h1419
=CAT  \\$aIPL-CLA$c20200331$lBLL01$h1614
=CAT  \\$aBATCH-UPD$b00$c20200522$lBLL01$h1412
=CAT  \\$aIPL-CLA$c20200701$lBLL01$h0055
=CAT  \\$aBATCH-UPD$b00$c20210226$lBLL01$h0952
=CAT  \\$aIPL-CLA$c20210331$lBLL01$h1700
=CAT  \\$aBATCH-UPD$b00$c20210707$lBLL01$h1516
=CAT  \\$aIPL-CLA$c20210707$lBLL01$h1843
=CAT  \\$aBATCH-UPD$b00$c20220520$lBLL01$h1543
=CAT  \\$aIPL-CLA$c20220630$lBLL01$h1537
=CAT  \\$aBATCH-UPD$b00$c20220824$lBLL01$h0819
=CAT  \\$aIPL-CLA$c20220930$lBLL01$h1426
=CAT  \\$a5410$b40$c20230924$lBLL01$h1038
=CFI  0\$aCurrent copyright fee: GBP32.82$c103\0$e01-oct-2022$fGBP32.82$g0$hP$5Uk
=CFI  2\$aPrevious copyright fee: GBP31.50$c103\0$e01-jul-2022$fGBP31.50$g0$hP$5Uk
=FFP  \\$aY$bBLDSS-3PM
=FIN  \\$aY$d20140129
=FMT  \\$a  SE
=LAS  \\$a5410$b40$c20230924$lBLL01$h1038
=MNI  \\$a8755-1233
=TCO  \\$aTRS$bCCC$c008
=TOC  \\$aETOC
=UNO  \\$aY

