=LDR  02732caa a22006617a 4500
=001  013181854
=003  Uk
=005  20211231171852.0
=008  050421s2005\\\\ne\\\\\\\\\\\\100\0\eng\\
=040  \\$aUk$beng$cUk
=245  00$aINPC 2004 :$bproceedings of the 22nd international nuclear physics conference /$cedited by Björn Jonson...[et al.].
=260  \\$bElsevier,$c2005.
=300  \\$a2 v.
=336  \\$atext$2rdacontent
=337  \\$aunmediated$2rdamedia
=338  \\$avolume$2rdacarrier
=540  \\$aCurrent copyright fee: GBP34.30$c5\1$5Uk
=591  \\$aSelected papers.
=653  1\$aINPC
=653  1\$aNuclear physics
=700  1\$aJonson, Björn.
=852  41$aBritish Library$bDSC$j6182.010000
=852  71$aBritish Library$bSTI$k(P)$hPU 30$m-E(10)$2blsrissc
=856  \\$31850-9999$uhttp://www.elsevier.com/journals$xBLDSS
=985  \\$aNuclear physics A, ISSN 0375-9474 ; vol 751 and vol 752 2005
=CAT  \\$a7153$b40$c20050421$lBLL01$h0819
=CAT  \\$a7153$b40$c20050421$lBLL01$h0920
=CAT  \\$aBATCH-CLA$b00$c20120928$lBLL01$h1822
=CAT  \\$aBATCH-CLA$b00$c20120930$lBLL01$h1022
=CAT  \\$aBATCH-UPD$b00$c20121121$lBLL01$h1657
=CAT  \\$aIPL-CLA$c20121231$lBLL01$h1315
=CAT  \\$aIPL-CLA$c20130102$lBLL01$h1738
=CAT  \\$aBATCH-CLA$b00$c20130508$lBLL01$h0702
=CAT  \\$aBATCH-CLA$b00$c20140125$lBLL01$h1251
=CAT  \\$aBATCH-CLA$b00$c20140202$lBLL01$h0134
=CAT  \\$aBATCH-CLA$c20140225$lBLL01$h2324
=CAT  \\$aBLDSS-3PM$b00$c20141222$lBLL01$h1714
=CAT  \\$aBATCH-UPD$b00$c20141223$lBLL01$h1857
=CAT  \\$aBATCH-UPD$b00$c20170302$lBLL01$h1716
=CAT  \\$aBATCH-UPD$b00$c20171121$lBLL01$h1744
=CAT  \\$aIPL-CLA$c20171231$lBLL01$h1642
=CAT  \\$aBATCH-UPD$b00$c20190521$lBLL01$h1436
=CAT  \\$aBATCH-CLA$b00$c20190522$lBLL01$h0207
=CAT  \\$aBATCH-CLA$b00$c20190522$lBLL01$h0240
=CAT  \\$aIPL-CLA$c20190630$lBLL01$h1534
=CAT  \\$aBATCH-UPD$b00$c20211119$lBLL01$h1554
=CAT  \\$aBATCH-CLA$b00$c20211120$lBLL01$h0138
=CAT  \\$aBATCH-CLA$b00$c20211120$lBLL01$h0213
=CAT  \\$aIPL-CLA$c20211231$lBLL01$h1718
=CFI  0\$aCurrent copyright fee: GBP34.30$c5\1$e01-jan-2022$fGBP34.30$g0$hP$5Uk
=CFI  2\$aPrevious copyright fee: GBP32.84$c5\1$e01-jul-2019$fGBP32.84$g0$hP$5Uk
=CNF  \\$aInternational nuclear physics conference$n(22nd :$d2004 Jun :$cGoteborg, Sweden)
=FFP  \\$aY$bBLDSS-3PM
=FIN  \\$aY$d20050421
=FMT  \\$a  BK
=LAS  \\$aIPL-CLA$b00$c20211231$lBLL01$h1718
=LKR  \\$aANA$b007176631$lBLL01$r773$nNuclear physics A.$mINPC 2004 : proceedings of the 22nd international nuclear physics conference$y2005$v751$i1
=TCO  \\$aNLD$bSTICHTING REPRORECHT$c008

