=LDR  01832 as a22004697a 4500
=001  013213106
=003  Uk
=005  20140304155634.0
=007  ta
=008  040417c20039999enkmr\p\\\\\\\0\\\a0eng\\
=022  0\$y1740-6684$y1742-1675$y1740-6676
=040  \\$aUk$beng$cUk
=130  0\$aAND magazine (Red edition)
=245  00$aAND magazine :$bthe best local guide for what to do with your leisure time & money.
=250  \\$a[Red ed.]
=260  \\$aSouthampton :$bAND Publications,$c2003-
=300  \\$av. :$bcol. ill., ports (some col.) ;$c30 cm.
=310  \\$aMonthly
=336  \\$atext$2rdacontent
=337  \\$aunmediated$2rdamedia
=338  \\$avolume$2rdacarrier
=362  0\$aMay 2003-
=650  \0$aRecreation$zEngland$zSouthampton Region$vPeriodicals.
=650  \0$aRecreation$zEngland$zBournemouth$vPeriodicals.
=651  \0$aSouthampton Region (England)$xSocial life and customs$vPeriodicals.
=651  \0$aBournemouth (England)$xSocial life and customs$vPeriodicals.
=780  01$tAND magazine$x1476-0460
=787  0\$tAND magazine (Yellow edition)
=787  0\$tAND magazine (Blue edition)
=852  41$aBritish Library$bHMNTS$jZK.9.b.21076
=985  \\$aDo not merge with the ISSN record.
=985  \\$aPrior to July 2005 publisher produced 3 editions of AND magazine: Blue, Yellow and Red. Since July 2005 only the Red edition is published (although its actual colour varies). This is using ISSN 1747-1923. M.Brook 18.01.2007
=A02  \\$a3015363$z0
=CAT  \\$a8874$b40$c20050603$lBLL01$h1407
=CAT  \\$a8128$b40$c20070118$lBLL01$h1722
=CAT  \\$a8128$b40$c20070118$lBLL01$h1725
=CAT  \\$a6550$b40$c20140304$lBLL01$h1556
=FIN  \\$aY$d20050114
=FMT  \\$a  SE
=LAS  \\$a6550$b40$c20140304$lBLL01$h1556
=SRC  \\$aDSS04$bbibld.200404.2.aa
=TCO  \\$aCLA$bCLA$c008

