=LDR  01850 as a22004697a 4500
=001  013213132
=003  Uk
=005  20140304155622.0
=007  ta
=008  031027d20032005enkmr\p\\\\\\\0\\\a0eng\\
=022  0\$y1740-6676$y1742-1683
=040  \\$aUk$beng$cUk
=130  0\$aAND magazine (Blue edition)
=245  10$aAND magazine :$bthe best local guide for what to do with your leisure time & money.
=250  \\$a[Blue ed.]
=260  \\$aSouthampton :$bAND Publications,$c2003-2005.
=300  \\$a[16] v. :$bcol. ill., ports. (some col.) ;$c30 cm.
=310  \\$aMonthly
=336  \\$atext$2rdacontent
=337  \\$aunmediated$2rdamedia
=338  \\$avolume$2rdacarrier
=362  0\$aMay 2003-June/July 2005.
=650  \0$aRecreation$zEngland$zPortsmouth$vPeriodicals.
=651  \0$aPortsmouth (England)$xSocial life and customs$vPeriodicals.
=780  01$tAND magazine$x1476-0460
=787  0\$tAND magazine (Red edition)
=852  41$aBritish Library$bHMNTS$jZK.9.b.21097
=985  \\$aDo not merge this record with ISSN record.
=985  \\$aPrior to July 2005 publisher produced 3 editions of AND magazine: Blue, Yellow and Red. Since July 2005 only the Red edition is published (although its actual colour varies). See record number 013213106. M.Brook 18.01.2007
=A02  \\$a3015361$z0
=CAT  \\$a8874$b40$c20050603$lBLL01$h1423
=CAT  \\$a8874$b40$c20050603$lBLL01$h1431
=CAT  \\$a8128$b40$c20070118$lBLL01$h1718
=CAT  \\$a8128$b40$c20070118$lBLL01$h1719
=CAT  \\$a8128$b40$c20070119$lBLL01$h1044
=CAT  \\$a6550$b40$c20140304$lBLL01$h1556
=FIN  \\$aY$d20050114
=FMT  \\$a  SE
=LAS  \\$a6550$b40$c20140304$lBLL01$h1556
=LKR  \\$aPAR$b013213106$lBLL01$r787$mAND magazine (Blue edition)$nAND magazine (Red edition).
=SRC  \\$aDSS04$bbibld.200404.2.aa
=TCO  \\$aCLA$bCLA$c008

