=LDR  02077 as a22005057a 4500
=001  013213155
=003  Uk
=005  20140304155644.0
=007  ta
=008  031027d20032005enkbr\p\\\\\\\0\\\a0eng\\
=040  \\$aUk$beng$cUk$dUk
=130  0\$aAND magazine (Yellow edition)
=245  00$aAND magazine :$bthe best local guide for what to do with your leisure time & money.
=250  \\$a[Yellow ed.]
=260  \\$aSouthampton :$bAND Publications,$c2003-2005.
=300  \\$a[8?] v. :$bcol. ill., ports (some col.) ;$c30 cm.
=310  \\$aBi-monthly
=336  \\$atext$2rdacontent
=337  \\$aunmediated$2rdamedia
=338  \\$avolume$2rdacarrier
=362  0\$aOct./Nov. 2003-Apr./May 2005.
=650  \0$aRecreation$zEngland$zBournemouth$xPeriodicals.
=650  \0$aRecreation$zEngland$zSalisbury$xPeriodicals.
=651  \0$aBournemouth (England)$xSocial life and customs$vPeriodicals.
=651  \0$aSalisbury (England)$xSocial life and customs$vPeriodicals.
=787  0\$tAND magazine (Red. edition)
=852  41$aBritish Library$bHMNTS$jZK.9.b.21725
=985  \\$aDo not merge this record with the ISSN record.
=985  \\$aPrior to July 2005 publisher produced 3 editions of AND magazine: Blue, Yellow and Red. Since July 2005 only the Red edition is published (although its actual colour varies). See record number 013213106. M.Brook 18.01.2007
=A02  \\$a3021435$z0
=CAT  \\$a8874$b40$c20050603$lBLL01$h1433
=CAT  \\$a8874$b40$c20050606$lBLL01$h0901
=CAT  \\$a8128$b40$c20070118$lBLL01$h1704
=CAT  \\$a8128$b40$c20070118$lBLL01$h1705
=CAT  \\$a8128$b40$c20070118$lBLL01$h1707
=CAT  \\$a8128$b40$c20070118$lBLL01$h1718
=CAT  \\$a8128$b40$c20070118$lBLL01$h1723
=CAT  \\$a8128$b40$c20070119$lBLL01$h1052
=CAT  \\$a6550$b40$c20140304$lBLL01$h1556
=FIN  \\$aY$d20050426
=FMT  \\$a  SE
=LAS  \\$a6550$b40$c20140304$lBLL01$h1556
=LKR  \\$aPAR$b013213106$lBLL01$r787$mAND magazine (Yellow edition).$nAND magazine (Red edition)
=SRC  \\$aDSS04$bbibld.200404.2.aa
=TCO  \\$aCLA$bCLA$c008

