=LDR  04310 am a2200973 a 4500
=001  013222572
=003  Uk
=005  20050627085824.0
=008  050616s2005\\\\gw\a\\\\\b\\\\001\0\eng\\
=010  \\$a2005925758
=015  \\$aGBA553718$2bnb
=020  \\$a9783540260097 (pbk.) :$cNo price
=020  \\$a3540260099 (pbk.) :$cNo price
=040  \\$aLWU$beng$cLWU$dUk
=042  \\$aukblsr
=082  04$a658.4038$222
=245  00$aSelf-star properties in complex information systems :$bconceptual and practical foundations /$cOzalp Babaoglu ... [et al.] (eds.).
=260  \\$aBerlin ;$a[Great Britain] :$bSpringer,$cc2005.
=300  \\$aix, 445 p. :$bill. ;$c24 cm.
=336  \\$atext$2rdacontent
=337  \\$aunmediated$2rdamedia
=338  \\$avolume$2rdacarrier
=490  0\$aLecture notes in computer science,$x0302-9743 ;$v3460
=490  1\$aHot topics
=504  \\$aIncludes bibliographical references and index.
=540  \\$aCurrent copyright fee: GBP19.00$c42\0$5Uk
=591  \\$aPapers. Based on those presented at the workshop.
=650  \0$aManagement information systems.
=650  \0$aInformation resources management.
=653  1\$aSelf star properties
=653  1\$aComplex information systems
=690  7\$aManagement and Business Studies$2blcoll
=700  1\$aBabaoğlu, Özalp.
=830  \0$aHot topics (Berlin, Germany)
=852  41$aBritish Library$bDSC$j5180.185000$i3460
=856  \\$31850-9999$uhttp://www.springer.com/gb/$xBLDSS
=985  \\$aLecture notes in computer science, ISSN 0302-9743 ; [no] 3460 2005
=ACF  \\$aPrevious copyright fee: GBP18.72$c42\0$e01-jan-2013$fGBP18.72$g0$hP$5Uk
=ACF  \\$aPrevious copyright fee: GBP19.32$c42\0$e01-jul-2013$fGBP19.32$g0$hP$5Uk
=ACF  \\$aPrevious copyright fee: GBP18.72$c42\0$e01-jan-2014$fGBP18.72$g0$hP$5Uk
=ACF  \\$aPrevious copyright fee: GBP18.15$c42\0$e01-jul-2014$fGBP18.15$g0$hP$5Uk
=ACF  \\$aPrevious copyright fee: GBP19.32$c42\0$e01-apr-2015$fGBP19.32$g0$hP$5Uk
=ACF  \\$aPrevious copyright fee: GBP19.97$c42\0$e01-jul-2015$fGBP19.97$g0$hP$5Uk
=ACF  \\$aPrevious copyright fee: GBP19.32$c42\0$e01-oct-2015$fGBP19.32$g0$hP$5Uk
=ACF  \\$aPrevious copyright fee: GBP20.66$c42\0$e01-apr-2016$fGBP20.66$g0$hP$5Uk
=ACF  \\$aPrevious copyright fee: GBP22.19$c42\0$e01-oct-2016$fGBP22.19$g0$hP$5Uk
=ACF  \\$aPrevious copyright fee: GBP23.96$c42\0$e01-apr-2017$fGBP23.96$g0$hP$5Uk
=ACF  \\$aPrevious copyright fee: GBP23.04$c42\0$e01-oct-2017$fGBP23.04$g0$hP$5Uk
=CAT  \\$a8457$b40$c20050616$lBLL01$h0925
=CAT  \\$aBATCH-UPD$b00$c20140527$lBLL01$h2225
=CAT  \\$aBATCH-CLA$c20140528$lBLL01$h1741
=CAT  \\$aIPL-CLA$c20140630$lBLL01$h1724
=CAT  \\$aBLDSS-3PM$b00$c20150102$lBLL01$h1730
=CAT  \\$aBATCH-UPD$b00$c20150102$lBLL01$h2307
=CAT  \\$aBATCH-UPD$b00$c20150219$lBLL01$h1910
=CAT  \\$aIPL-CLA$c20150331$lBLL01$h1640
=CAT  \\$aBATCH-UPD$b00$c20150520$lBLL01$h1907
=CAT  \\$aIPL-CLA$c20150630$lBLL01$h1647
=CAT  \\$aBATCH-UPD$b00$c20150820$lBLL01$h1939
=CAT  \\$aIPL-CLA$c20150930$lBLL01$h1808
=CAT  \\$aBATCH-UPD$b00$c20160217$lBLL01$h1836
=CAT  \\$aIPL-CLA$c20160331$lBLL01$h1729
=CAT  \\$aBATCH-UPD$b00$c20160524$lBLL01$h2239
=CAT  \\$aBATCH-UPD$b00$c20160525$lBLL01$h0442
=CAT  \\$aBATCH-UPD$b00$c20160824$lBLL01$h1856
=CAT  \\$aIPL-CLA$c20160930$lBLL01$h1604
=CAT  \\$aBATCH-UPD$b00$c20170216$lBLL01$h1941
=CAT  \\$aIPL-CLA$c20170331$lBLL01$h1845
=CAT  \\$aBATCH-UPD$b00$c20170904$lBLL01$h2004
=CAT  \\$aIPL-CLA$c20170929$lBLL01$h1730
=CAT  \\$aBATCH-UPD$b00$c20180223$lBLL01$h1901
=CAT  \\$aIPL-CLA$c20180331$lBLL01$h1621
=CAT  \\$aBATCH-UPD$b00$c20180524$lBLL01$h1755
=CAT  \\$aIPL-CLA$c20180630$lBLL01$h1917
=CFI  0\$aCurrent copyright fee: GBP19.00$c42\0$e01-jul-2018$fGBP19.00$g0$hP$5Uk
=CFI  2\$aPrevious copyright fee: GBP21.39$c42\0$e01-apr-2018$fGBP21.39$g0$hP$5Uk
=CNF  \\$aSelf-star properties in complex information systems (Workshop)$d(2004$cBertinoro, Italy)
=FFP  \\$aY$bBLDSS-3PM
=FIN  \\$aY$d20050627
=FMT  \\$a  BK
=LAS  \\$aIPL-CLA$b00$c20180630$lBLL01$h1917
=SID  \\$aZ39$bOCLC
=TCO  \\$aDEU$bVG WORT$c008
=UNO  \\$aY

