=LDR  04437 as a2201033 a 4500
=001  013267239
=003  Uk
=005  20191231193449.0
=007  ta
=008  050805c20059999enkqr\p\\\\\\\0\\\a0eng\\
=015  \\$aGBA566069$2bnb
=022  0\$a1747-6585$y0951-7359
=040  \\$aUk$cUk$dUk
=042  \\$aukblsr
=082  04$a628.1$222
=084  \\$aSL 00$2blsrissc
=084  \\$aOM 38$2blsrissc
=222  \0$aWEJ
=245  00$aWEJ :$bjournal of the Chartered Institution of Water and Environmental Management.
=246  3\$aWater and environment journal
=246  13$aJournal of the Chartered Institution of Water and Environmental Management
=246  1\$iMinor title change:$aWater and environment journal,$fVol. 20, no. 1 (Mar. 2006)-
=260  \\$aLondon :$bLeadMedia,$c2005-
=260  3\$aOxford :$bWiley-Blackwell
=300  \\$av. :$bill. ;$c30 cm.
=310  \\$aQuarterly
=336  \\$atext$2rdacontent
=337  \\$aunmediated$2rdamedia
=338  \\$avolume$2rdacarrier
=362  0\$aVol. 19, no. 1 (Mar. 2005)-
=540  \\$aCurrent Copyright Fee: GBP39.00$c35\0$5Uk
=588  \\$aLatest issue consulted: Vol. 25, no. 4 (Dec. 2011).
=650  \0$aWater-supply$vPeriodicals.
=650  \0$aEnvironmental management$vPeriodicals.
=650  \0$aWater-supply engineering$vPeriodicals.
=650  \0$aPollution$vPeriodicals.
=710  2\$aChartered Institution of Water and Environmental Management.
=776  0\$tWater and environment journal$c(Online)$x1747-6593
=780  00$tJournal (Chartered Institution of Water and Environmental Management)
=852  41$aBritish Library$bDSC$j9288.902000$3Vol. 19, no. 1 (2005)-v. 23, no. 4 (2009)***UKRR Retained Title
=852  71$aBritish Library$bSTI$k(P)$hSL 00$m-E(37)$2blsrissc$3Vol. 19, no. 1 (2005)-v. 27, no. 1 (2013)***title now taken as electronic copy only
=856  \\$31850-9999$uhttp://onlinelibrary.wiley.com/$xBLDSS
=945  \\$aWEJ
=959  \\$fHeld but not currently received
=985  \\$aISSN record has incorrect change of title. Do not merge any ISSN record in this bib record.
=ACF  \\$aPrevious Copyright Fee: GBP16.00$c10\0$e01-jan-2006$fGBP16.00$g0$hP$5Uk
=ACF  \\$aPrevious copyright fee: GBP5.00$c0$e22-mar-2004$fGBP5.00$g0$hC$5Uk
=ACF  \\$aPrevious copyright fee: GBP17.00$c10\0$e01-jan-2009$fGBP17.00$g0$hP$5Uk
=ACF  \\$aPrevious copyright fee: GBP22.00$c10\0$e01-jan-2011$fGBP22.00$g0$hP$5Uk
=ACF  \\$aPrevious copyright fee: GBP24.00$c10\0$e01-mar-2015$fGBP24.00$g0$hP$5Uk
=ACF  \\$aPrevious copyright fee: GBP24.00$c35\0$e07-mar-2017$fGBP24.00$g0$hP$5Uk
=CAT  \\$a8874$b40$c20050805$lBLL01$h1101
=CAT  \\$aBATCH$b00$c20090101$lBLL01$h0229
=CAT  \\$aCDS-UPD$b40$c20091208$lBLL01$h2214
=CAT  \\$aCDS-UPD$b40$c20091208$lBLL01$h2234
=CAT  \\$a8874$b40$c20100831$lBLL01$h1040
=CAT  \\$aBATCH-UPD$b40$c20101116$lBLL01$h1328
=CAT  \\$aIPL-CLA$c20101231$lBLL01$h1516
=CAT  \\$a10806$b40$c20111216$lBLL01$h1434
=CAT  \\$a10806$b40$c20111216$lBLL01$h1453
=CAT  \\$aBATCH-CLA$b00$c20121109$lBLL01$h1728
=CAT  \\$aWR13.005$c20130323$lBLL01$h1315
=CAT  \\$a8874$b40$c20130522$lBLL01$h1438
=CAT  \\$a8874$b40$c20130523$lBLL01$h0810
=CAT  \\$aBLDSS-3PM$b00$c20141214$lBLL01$h1522
=CAT  \\$aBATCH-UPD$b00$c20150215$lBLL01$h1626
=CAT  \\$aIPL-CLA$c20150228$lBLL01$h2049
=CAT  \\$aBATCH-UPD$b00$c20161026$lBLL01$h1901
=CAT  \\$aW1703-0316$c20170306$lBLL01$h1824
=CAT  \\$aW1703-0316$c20170307$lBLL01$h1648
=CAT  \\$aIPL-CLA$c20170307$lBLL01$h1824
=CAT  \\$aBATCH-UPD$b00$c20180219$lBLL01$h1747
=CAT  \\$aBATCH-UPD$b00$c20181121$lBLL01$h1622
=CAT  \\$aIPL-CLA$c20181231$lBLL01$h1542
=CAT  \\$aR1911-0245$c20191127$lBLL01$h0944
=CAT  \\$aR1911-0245$c20191127$lBLL01$h1045
=CAT  \\$aIPL-CLA$c20191231$lBLL01$h1934
=CFI  0\$aCurrent Copyright Fee: GBP39.00$c35\0$e01-jan-2020$fGBP39.00$g0$hP$5Uk
=CFI  2\$aPrevious copyright fee: GBP28.00$c35\0$e01-jan-2019$fGBP28.00$g0$hP$5Uk
=EST  \\$a2
=FFP  \\$aY$bBLDSS-3PM
=FIN  \\$aY$d20050805
=FMT  \\$a  SE
=LAS  \\$aIPL-CLA$b00$c20191231$lBLL01$h1934
=LKR  \\$aPAR$b013467104$lBLL01$r776$mWEJ$nWater and environment journal (Online)
=LKR  \\$aPAR$b007193766$lBLL01$r78000$mWEJ$nThe journal
=TCO  \\$aCLA$bCLA$c008
=TOC  \\$aETOC
=UNO  \\$aY

