=LDR  04305 am a2200961 a 4500
=001  013289250
=003  Uk
=005  20050919150253.0
=008  050815s2005\\\\gw\a\\\\\b\\\\101\0\eng\\
=010  \\$a2005932242
=015  \\$aGBA578713$2bnb
=020  \\$a9783540287605 (pbk.) :$cNo price
=020  \\$a3540287604 (pbk.) :$cNo price
=040  \\$aDLC$beng$cDLC$dUk
=042  \\$aukblsr
=082  04$a004$222
=111  2\$aUbiComp (Conference)$n(7th :$d2005 :$cTokyo, Japan)
=245  10$aUbiComp 2005 :$bubiquitous computing : 7th international conference, UbiComp 2005, Tokyo, Japan, September 11-14, 2005, proceedings /$cMichael Beigl ... [et al.], (eds.).
=260  \\$aBerlin ;$a[London] :$bSpringer,$cc2005.
=300  \\$axvii, 394 p. :$bill. ;$c24 cm.
=336  \\$atext$2rdacontent
=337  \\$aunmediated$2rdamedia
=338  \\$avolume$2rdacarrier
=490  1\$aLecture notes in computer science,$x0302-9743 ;$v3660
=500  \\$aConference proceedings.
=504  \\$aIncludes bibliographical references and index.
=540  \\$aCurrent copyright fee: GBP19.00$c42\0$5Uk
=591  \\$aSelected papers.
=650  \0$aUbiquitous computing$vCongresses.
=653  1\$aUbiComp
=700  1\$aBeigl, Michael.
=830  \0$aLecture notes in computer science,$x0302-9743 ;$v3660
=852  41$aBritish Library$bDSC$j5180.185000$ino. 3660
=852  71$aBritish Library$bSTI$k(P)$hPL 50$i3660$m-E(30)$2blsrissc
=856  \\$31850-9999$uhttp://www.springer.com/gb/$xBLDSS
=985  \\$aLecture notes in computer science, ISSN 0302-9743 ; 3660 2005
=ACF  \\$aPrevious copyright fee: GBP18.72$c42\0$e01-jan-2013$fGBP18.72$g0$hP$5Uk
=ACF  \\$aPrevious copyright fee: GBP19.32$c42\0$e01-jul-2013$fGBP19.32$g0$hP$5Uk
=ACF  \\$aPrevious copyright fee: GBP18.72$c42\0$e01-jan-2014$fGBP18.72$g0$hP$5Uk
=ACF  \\$aPrevious copyright fee: GBP18.15$c42\0$e01-jul-2014$fGBP18.15$g0$hP$5Uk
=ACF  \\$aPrevious copyright fee: GBP19.32$c42\0$e01-apr-2015$fGBP19.32$g0$hP$5Uk
=ACF  \\$aPrevious copyright fee: GBP19.97$c42\0$e01-jul-2015$fGBP19.97$g0$hP$5Uk
=ACF  \\$aPrevious copyright fee: GBP19.32$c42\0$e01-oct-2015$fGBP19.32$g0$hP$5Uk
=ACF  \\$aPrevious copyright fee: GBP20.66$c42\0$e01-apr-2016$fGBP20.66$g0$hP$5Uk
=ACF  \\$aPrevious copyright fee: GBP22.19$c42\0$e01-oct-2016$fGBP22.19$g0$hP$5Uk
=ACF  \\$aPrevious copyright fee: GBP23.96$c42\0$e01-apr-2017$fGBP23.96$g0$hP$5Uk
=ACF  \\$aPrevious copyright fee: GBP23.04$c42\0$e01-oct-2017$fGBP23.04$g0$hP$5Uk
=CAT  \\$a8457$b40$c20050908$lBLL01$h0920
=CAT  \\$aBATCH-UPD$b00$c20140527$lBLL01$h2225
=CAT  \\$aBATCH-CLA$c20140528$lBLL01$h1741
=CAT  \\$aIPL-CLA$c20140630$lBLL01$h1725
=CAT  \\$aBLDSS-3PM$b00$c20150102$lBLL01$h1730
=CAT  \\$aBATCH-UPD$b00$c20150219$lBLL01$h1910
=CAT  \\$aIPL-CLA$c20150331$lBLL01$h1641
=CAT  \\$aBATCH-UPD$b00$c20150520$lBLL01$h1907
=CAT  \\$aBATCH-UPD$b00$c20150521$lBLL01$h1247
=CAT  \\$aIPL-CLA$c20150630$lBLL01$h1648
=CAT  \\$aBATCH-UPD$b00$c20150820$lBLL01$h1939
=CAT  \\$aIPL-CLA$c20150930$lBLL01$h1809
=CAT  \\$aBATCH-UPD$b00$c20160217$lBLL01$h1836
=CAT  \\$aIPL-CLA$c20160331$lBLL01$h1730
=CAT  \\$aBATCH-UPD$b00$c20160524$lBLL01$h2239
=CAT  \\$aBATCH-UPD$b00$c20160525$lBLL01$h0444
=CAT  \\$aBATCH-UPD$b00$c20160824$lBLL01$h1856
=CAT  \\$aIPL-CLA$c20160930$lBLL01$h1605
=CAT  \\$aBATCH-UPD$b00$c20170216$lBLL01$h1941
=CAT  \\$aIPL-CLA$c20170331$lBLL01$h1846
=CAT  \\$aBATCH-UPD$b00$c20170904$lBLL01$h2005
=CAT  \\$aIPL-CLA$c20170929$lBLL01$h1731
=CAT  \\$aBATCH-UPD$b00$c20180223$lBLL01$h1901
=CAT  \\$aIPL-CLA$c20180331$lBLL01$h1622
=CAT  \\$aBATCH-UPD$b00$c20180524$lBLL01$h1755
=CAT  \\$aIPL-CLA$c20180630$lBLL01$h1917
=CFI  0\$aCurrent copyright fee: GBP19.00$c42\0$e01-jul-2018$fGBP19.00$g0$hP$5Uk
=CFI  2\$aPrevious copyright fee: GBP21.39$c42\0$e01-apr-2018$fGBP21.39$g0$hP$5Uk
=CNF  \\$aUbiquitous computing (International conference)$n(7th :$d2005 Sep :$cTokyo)
=FFP  \\$aY$bBLDSS-3PM
=FIN  \\$aY$d20050915
=FMT  \\$a  BK
=LAS  \\$aIPL-CLA$b00$c20180630$lBLL01$h1917
=SID  \\$aZ39$bLOC
=TCO  \\$aDEU$bVG WORT$c008
=UNO  \\$aY

