=LDR  03154caa a22007337a 4500
=001  013303828
=003  Uk
=005  20230427011200.0
=008  050930s2003\\\\enk\\\\\\\\\\\100\0\eng\\
=040  \\$aUk$beng$cUk
=245  00$aRoyal Society of Tropical Medicine and Hygiene meeting.
=260  \\$bRoyal Society of Tropical Medicine and Hygiene,$c2003.
=300  \\$ap. 625-632.
=336  \\$atext$2rdacontent
=337  \\$aunmediated$2rdamedia
=338  \\$avolume$2rdacarrier
=540  \\$aCurrent Copyright Fee: GBP42.00$c29\0$5Uk
=591  \\$aPreprinted abstracts.
=653  1\$aTropical medicine
=653  2\$aRSTMH
=710  2\$aRoyal Society of Tropical Medicine and Hygiene.
=852  41$aBritish Library$bHMNTS$jAc.3820.h.
=852  41$aBritish Library$bDSC$j9003.000000
=852  71$aBritish Library$bSTI$k(P)$hGT 05$m-E(2)$2blsrissc
=856  \\$31850-9999$uhttp://ukcatalogue.oup.com/$xBLDSS
=985  \\$aTransactions- Royal Society of Tropical Medicine and Hygiene, ISSN 0035-9203 ; vol 97 no 6 2003
=ACF  \\$aPrevious copyright fee: GBP20.00$c29\0$e10-oct-2013$fGBP20.00$g0$hP$5Uk
=ACF  \\$aPrevious copyright fee: GBP23.00$c29\0$e01-jan-2015$fGBP23.00$g0$hP$5Uk
=ACF  \\$aPrevious copyright fee: GBP24.00$c29\0$e01-jan-2016$fGBP24.00$g0$hP$5Uk
=CAT  \\$a7153$b40$c20050930$lBLL01$h0823
=CAT  \\$aBATCH-UPD$b00$c20160517$lBLL01$h0929
=CAT  \\$aBATCH-UPD$b00$c20160524$lBLL01$h2210
=CAT  \\$aBATCH-UPD$b00$c20161122$lBLL01$h1520
=CAT  \\$aIPL-CLA$c20161230$lBLL01$h2146
=CAT  \\$aBATCH-UPD$b00$c20171121$lBLL01$h1703
=CAT  \\$aIPL-CLA$c20171231$lBLL01$h1647
=CAT  \\$aBATCH-UPD$b00$c20181217$lBLL01$h1652
=CAT  \\$aBATCH-CLA$b00$c20181218$lBLL01$h0123
=CAT  \\$aBATCH-CLA$b00$c20181218$lBLL01$h0139
=CAT  \\$aIPL-CLA$c20181231$lBLL01$h1542
=CAT  \\$aBATCH-CLA$b00$c20191207$lBLL01$h0107
=CAT  \\$aIPL-CLA$c20191231$lBLL01$h1935
=CAT  \\$aBATCH-UPD$b00$c20220308$lBLL01$h1727
=CAT  \\$aBATCH-CLA$b00$c20220309$lBLL01$h0140
=CAT  \\$aBATCH-CLA$b00$c20220309$lBLL01$h0145
=CAT  \\$aIPL-CLA$c20220331$lBLL01$h2234
=CAT  \\$aBATCH-CLA$b00$c20230315$lBLL01$h0142
=CAT  \\$aBATCH-CLA$b00$c20230323$lBLL01$h0112
=CAT  \\$aBATCH-CLA$b00$c20230324$lBLL01$h0112
=CAT  \\$aBATCH-CLA$b00$c20230324$lBLL01$h0116
=CAT  \\$aIPL-CLA$c20230331$lBLL01$h1645
=CAT  \\$aS2304-0519$c20230412$lBLL01$h1139
=CAT  \\$aBATCH-CLA$b00$c20230413$lBLL01$h0111
=CAT  \\$aBATCH-SUPP$c20230426$lBLL01$h1108
=CAT  \\$aBATCH-CLA$b00$c20230427$lBLL01$h0112
=CFI  0\$aCurrent Copyright Fee: GBP42.00$c29\0$e01-apr-2023$fGBP42.00$g0$hP$5Uk
=CNF  \\$aRoyal Society of Tropical Medicine and Hygiene (Meeting)$d(2003 Dec :$cLondon)
=FFP  \\$aY$bBLDSS-3PM
=FIN  \\$aY$d20050930
=FMT  \\$a  BK
=LAS  \\$aBATCH-CLA$b00$c20230427$lBLL01$h0112
=LKR  \\$aANA$b011141158$lBLL01$r773$nTransactions- Royal Society of Tropical Medicine and Hygiene.$mRoyal Society of Tropical Medicine and Hygiene meeting$y2003$v97$i6
=TCO  \\$aNLD$bSTICHTING REPRORECHT$c008
=UNO  \\$aY

