=LDR  04484cas a2201081 a 4500
=001  013307597
=003  Uk
=005  20221231144635.0
=006  aa\\\\\\\\\\000\0\
=007  ta
=008  040914c20049999gw\mr\p\\\\\\\0\\\b0ger\d
=022  \\$a1613-1290$y2198-4948
=035  \\$a(CSt)(Sirsi)a5704617
=040  \\$aUk$beng$cUk$dUk
=041  0\$ager$aeng
=050  \4$aLA720$b.D47
=210  0\$aDuz-Mag.
=222  \0$aDuz-Magazin
=245  00$aDUZ Magazin.
=246  10$aDUZ
=246  3\$aDeutsche Universitäts-Zeitung Magazin
=246  1\$iIssues for 2004- have a subtitle:$aDUZ :$bdas unabhängige Hochschulmagazin
=246  1\$iMinor title change:$aDeutsche Universitäts-Zeitung :$bDUZ,$f2013-
=260  \\$aBerlin :$bRaabe Fachverlag für Wissenschaftsinformation,$c2004-
=264  31$3<2013>-$aBerlin :$bDUZ Verlags- und Medienhaus
=300  \\$av. :$bill. (some col.), maps (col.) ;$c30 cm.
=310  \\$aMonthly
=336  \\$atext$2rdacontent
=337  \\$aunmediated$2rdamedia
=338  \\$avolume$2rdacarrier
=362  1\$aBegan with issue for Jan. 2004.
=500  \\$aTitle from caption.
=515  \\$aIssues for 2004- also designated: 60. Jahrg.-
=540  \\$aCurrent Copyright Fee: GBP25.00$c0$5Uk
=546  \\$aGerman, 2004- ; German and English, <2016>-
=588  \\$aLatest issue consulted: 2016/10.
=650  \0$aEducation, Higher$zGermany$vPeriodicals.
=650  \0$aUniversities and colleges$zGermany$vPeriodicals.
=740  02$aDUZ Werkstatt.
=770  0\$tDUZ Special
=777  08$iIncludes:$tDUZ Werkstatt
=780  01$tDUZ$x1437-4234
=787  08$iCompanion publication to:$tDUZ Nachrichten$x1613-1304
=852  41$aBritish Library$bDSC$j3633.123530$3Nummer 1 (2004)-nummer 12 (2022)
=945  \\$aDUZ magazin
=959  \\$fHeld but not currently received
=985  \\$aRecord added by DQ team
=985  \\$aCONFERENCE ANALYTIC RECORDS EXIST
=985  \\$aDSC treated this as a minor C/T, but the German ISSN Centre did a major C/T in 2013 with new ISSN 2198-4948.
=ACF  \\$aPrevious copyright fee: GBP9.00$c0$e01-apr-2010$fGBP9.00$g0$hA$5Uk
=ACF  \\$aPrevious copyright fee: GBP6.00$c0$e01-apr-2008$fGBP6.00$g0$hA$5Uk
=ACF  \\$aPrevious copyright fee: GBP5.00$c0$e12-oct-2005$fGBP5.00$g0$hA$5Uk
=ACF  \\$aPrevious copyright fee: GBP10.50$c0$e01-jan-2011$fGBP10.50$g0$hA$5Uk
=ACF  \\$aPrevious copyright fee: GBP12.00$c0$e01-jan-2012$fGBP12.00$g0$hA$5Uk
=ACF  \\$aPrevious Copyright Fee: GBP12.30$c0$e01-jan-2014$fGBP12.30$g0$hA$5Uk
=ACF  \\$aPrevious Copyright Fee: GBP15.00$c0$e01-jan-2017$fGBP15.00$g0$hA$5Uk
=ACF  \\$aPrevious Copyright Fee: GBP17.50$c0$e01-jan-2018$fGBP17.50$g0$hA$5Uk
=ACF  \\$aPrevious Copyright Fee: GBP20.00$c0$e01-jan-2020$fGBP20.00$g0$hA$5Uk
=CAT  \\$a6550$b40$c20051005$lBLL01$h1601
=CAT  \\$aBATCH-UPD$b00$c20101124$lBLL01$h1946
=CAT  \\$aBATCH-UPD$b00$c20101125$lBLL01$h1213
=CAT  \\$aIPL-CLA$c20101231$lBLL01$h1516
=CAT  \\$aWR11_203$c20111204$lBLL01$h1509
=CAT  \\$aIPL-CLA$c20111230$lBLL01$h2022
=CAT  \\$aBATCH-CLA$b00$c20121109$lBLL01$h1728
=CAT  \\$a10934$b40$c20130304$lBLL01$h1527
=CAT  \\$aBATCH-CLA$c20131220$lBLL01$h2035
=CAT  \\$aIPL-CLA$c20131231$lBLL01$h2355
=CAT  \\$a5410$b40$c20150611$lBLL01$h1446
=CAT  \\$aBATCH-CLA$b00$c20161222$lBLL01$h1807
=CAT  \\$aIPL-CLA$c20161230$lBLL01$h2146
=CAT  \\$a8323$b40$c20170130$lBLL01$h1420
=CAT  \\$a8323$b40$c20170130$lBLL01$h1430
=CAT  \\$aBATCH-CLA$b00$c20171222$lBLL01$h2129
=CAT  \\$aIPL-CLA$c20171231$lBLL01$h1647
=CAT  \\$aBATCH-CLA$b00$c20191219$lBLL01$h1734
=CAT  \\$aIPL-CLA$c20191231$lBLL01$h1935
=CAT  \\$aR2001-1524$c20200127$lBLL01$h2014
=CAT  \\$aBATCH-CLA$b00$c20201204$lBLL01$h1536
=CAT  \\$aIPL-CLA$c20201231$lBLL01$h1529
=CAT  \\$a8483$b40$c20221116$lBLL01$h1131
=CAT  \\$a6558$b40$c20221206$lBLL01$h1300
=CAT  \\$aBATCH-CLA$b00$c20221221$lBLL01$h1845
=CAT  \\$aIPL-CLA$c20221231$lBLL01$h1446
=CFI  0\$aCurrent Copyright Fee: GBP25.00$c0$e01-jan-2023$fGBP25.00$g0$hA$5Uk
=CFI  2\$aPrevious Copyright Fee: GBP22.50$c0$e01-jan-2021$fGBP22.50$g0$hA$5Uk
=FIN  \\$aY$d20051005
=FMT  \\$a  SE
=LAS  \\$aIPL-CLA$b00$c20221231$lBLL01$h1446
=LKR  \\$aPAR$b007843654$lBLL01$r78001$mDuz-Magazin$nDUZ
=SID  \\$aZ39$bRLG
=TCO  \\$aDEU$bVG WORT$c008
=TOC  \\$aETOC

