=LDR  05192cas a2201165 a 4500
=001  013307853
=003  Uk
=005  20230511162902.0
=006  m\\\\\\\\d\\\\\\\\
=007  cr\|||||||||||
=008  050930c20049999enkbr\pso\\\\\0\\\a0eng\c
=010  \\$a2005264549
=015  \\$aGBB540768$2bnb
=022  \\$a1743-9159$l1743-9159$y1743-9191
=035  \\$a(OCoLC)61747594$z(OCoLC)65356940
=037  \\$aISSN_17439191$bPortico$nElsevier
=037  3\$aISSN_17439191_74$bPortico$nLippincott Williams & Wilkins
=040  \\$aOUN$cOUN$dSBH$dHUA$dGUA$dHNK$dGUA$dOCLCQ$dUk
=042  \\$aukblsr
=050  14$aRD1
=082  04$a617.005$223
=130  0\$aInternational journal of surgery (London, England : Online)
=222  \0$aInternational journal of surgery$b(Online)
=245  10$aInternational journal of surgery$h[electronic resource].
=260  \\$aLondon :$bSurgical Associates
=260  2\$a[Oxford] :$bElsevier Ltd.
=264  31$a[Philadelphia, PA] :$bWolters Kluwer Health, Inc.
=310  \\$aBimonthly,$b2007-
=321  \\$aQuarterly,$b-2006
=336  \\$atext$2rdacontent
=337  \\$acomputer$2rdamedia
=338  \\$aonline resource$2rdacarrier
=362  1\$aBegan with vol. 2, issue 2 (May/Aug. 2004).
=540  \\$aCurrent copyright fee: GBP32.00$c20\0$5Uk
=588  \\$aDescription based on first issue; title from table of contents screen (ScienceDirect, viewed Dec. 17, 2007).
=588  \\$aLatest issue consulted: volume 15 (March 2015) (ScienceDirect, viewed March 30, 2015).
=650  \0$aSurgery$vPeriodicals.
=650  \2$aSurgical Procedures, Operative$vPeriodicals.
=710  2\$aSurgical Associates.
=776  08$iPrint version:$tInternational journal of surgery (London, England)$x1743-9191
=780  00$tJournal of surgery (London, England : Online)$x1741-6299
=852  \\$aBritish Library$bDSC$j4542.685050$3Volume 1:Issue 1(2003)-Volume 48(2017)***See ESTAR for full holdings.
=852  41$aBritish Library$bSTI$jELD Digital store$3Volume 13(2015)-***Previous issues available in print copy
=856  \\$31850-9999$uhttp://www.elsevier.com/journals$xBLDSS
=856  40$uhttp://www.sciencedirect.com/science/journal/17439191
=856  40$uhttp://ees.elsevier.com/ijs/
=859  \\$aELD$bejournal
=945  \\$aInternational journal of surgery -Surgical Associates-
=959  \\$fHeld but not currently received
=979  \\$aBritish Library$bDSC$j4542.685050
=985  \\$aISSN UK Centre note: ISSN transferred to US ISSN Center, March 2023.
=985  \\$aCONFERENCE ANALYTIC RECORDS EXIST
=ACF  \\$aPrevious copyright fee: GBP32.84$c5\1$e01-jul-2019$fGBP32.84$g0$hP$5Uk
=ACF  \\$aPrevious copyright fee: GBP19.00$c5\3$e01-jan-2008$fGBP19.00$g0$hP$5Uk
=ACF  \\$aPrevious copyright fee: GBP18.00$c5\3$e06-oct-2005$fGBP18.00$g0$hP$5Uk
=ACF  \\$aPrevious copyright fee: GBP20.00$c5\1$e01-jan-2009$fGBP20.00$g0$hP$5Uk
=ACF  \\$aPrevious copyright fee: GBP21.00$c5\1$e01-jan-2012$fGBP21.00$g0$hP$5Uk
=ACF  \\$aPrevious copyright fee: GBP22.50$c5\1$e01-jan-2013$fGBP22.50$g0$hP$5Uk
=ACF  \\$aPrevious copyright fee: GBP23.40$c5\1$e01-jan-2018$fGBP23.40$g0$hP$5Uk
=CAT  \\$a7174$b40$c20051006$lBLL01$h1131
=CAT  \\$a3072$b40$c20150330$lBLL01$h1118
=CAT  \\$a3072$b40$c20150330$lBLL01$h1229
=CAT  \\$a3072$b40$c20150330$lBLL01$h1455
=CAT  \\$a3072$b40$c20150330$lBLL01$h1504
=CAT  \\$a3072$b40$c20150330$lBLL01$h1508
=CAT  \\$a11433$b40$c20150421$lBLL01$h1616
=CAT  \\$a5552$b40$c20160322$lBLL01$h1207
=CAT  \\$aBATCH-UPD$b40$c20160524$lBLL01$h1546
=CAT  \\$a7332$b40$c20170120$lBLL01$h0744
=CAT  \\$aBATCH-UPD$b40$c20171121$lBLL01$h1745
=CAT  \\$aW1711-1005$c20171206$lBLL01$h1817
=CAT  \\$aIPL-CLA$c20171231$lBLL01$h1647
=CAT  \\$aW1805-0471$c20180520$lBLL01$h1139
=CAT  \\$aBATCH-UPD$b00$c20190521$lBLL01$h1437
=CAT  \\$aIPL-CLA$c20190630$lBLL01$h1535
=CAT  \\$aBATCH-UPD$b00$c20211119$lBLL01$h1554
=CAT  \\$aIPL-CLA$c20211231$lBLL01$h1543
=CAT  \\$a12654$b40$c20230208$lBLL01$h0917
=CAT  \\$aBATCH-UNOA$c20230215$lBLL01$h0032
=CAT  \\$a11313$b40$c20230223$lBLL01$h1550
=CAT  \\$a5410$b40$c20230307$lBLL01$h0055
=CAT  \\$a11313$b40$c20230309$lBLL01$h1046
=CAT  \\$a11313$b40$c20230309$lBLL01$h1056
=CAT  \\$a14586$b40$c20230421$lBLL01$h1118
=CAT  \\$aBATCH-FIX$c20230511$lBLL01$h1629
=CFI  0\$aCurrent copyright fee: GBP32.00$c20\0$e08-feb-2023$fGBP32.00$g0$hP$5Uk
=CFI  2\$aPrevious copyright fee: GBP34.30$c5\1$e01-jan-2022$fGBP34.30$g0$hP$5Uk
=EST  \\$a1
=FFP  \\$aY$bBLDSS-3PM
=FIN  \\$aY$d20120717
=FMT  \\$a  SE
=LAS  \\$aBATCH-FIX$b00$c20230511$lBLL01$h1629
=LET  \0$aInternational journal of surgery (Electronic)
=LKR  \\$aPAR$b013669313$lBLL01$r780$mInternational journal of surgery (Online)$nJournal of surgery (Online)
=LKR  \\$aPAR$b012900478$lBLL01$r776$mInternational journal of surgery (Online)$nInternational journal of surgery (Print)
=MNI  \\$a1743-9191
=SID  \\$aZ39$bOCLC
=TCO  \\$aCLA$bCLA$c008
=TOC  \\$aETOC
=UNO  \\$aY

