=LDR  06167cas a2201381 a 4500
=001  013316958
=003  Uk
=005  20230930080727.0
=007  ta
=008  021125c20029999stkbr\p\\\\\\\0\\\a0eng\\
=015  \\$aGBA263718$2bnb
=019  y\$abA263718
=019  9\$abA263718
=019  1\$abA263718
=019  c\$a2610866
=022  0\$a1475-3820
=039  0\$a2713
=040  \\$aUk$cUk$dUk
=041  0\$aeng$bcat$bpor$bspa
=042  \\$aukblsr
=082  04$a860.5$221
=130  0\$aBulletin of Spanish studies (2002)
=222  \0$aBulletin of Spanish studies$b(2002. Print)
=245  10$aBulletin of Spanish studies :$bHispanic studies and researches on Spain, Portugal and Latin America.
=246  17$aBSS
=260  \\$aLondon :$bTaylor & Francis,$c2002-
=260  3\$aAbingdon :$bRoutledge
=300  \\$av. :$bports. ;$c25 cm.
=310  \\$aEight issues yearly,$b2004-
=321  \\$aBimonthly,$b2002-2003
=336  \\$atext$2rdacontent
=337  \\$aunmediated$2rdamedia
=338  \\$avolume$2rdacarrier
=362  0\$aVol. 79, no. 1 (Jan. 2002)-
=525  \\$aSupplements accompany some issues.
=530  \\$aAlso issued online.
=540  \\$aCurrent copyright fee: GBP37.00$c2\0$5Uk
=546  \\$aText chiefly in English, also Spanish, Portuguese and Catalan.
=555  \\$aIndexes for vols. 79 (2002)-80 (2003), in vols. 2-4 of supplement to v. 88 (2011).
=588  \\$aLatest issue consulted: Vol. 88 (2011), supplement.
=595  \\$aFORMERLY 2855.909 UP TO VOL. 78, 2001 SEE ALSO 2855.909 FOR CUL HOLDINGS.
=650  \0$aSpanish philology$vPeriodicals.
=650  \0$aPortuguese philology$vPeriodicals.
=650  \0$aSpanish literature$vPeriodicals.
=650  \0$aPortuguese literature$vPeriodicals.
=651  \0$aSpain$xCivilization$vPeriodicals.
=651  \0$aLatin America$xCivilization$vPeriodicals.
=651  \0$aPortugal$xCivilization$vPeriodicals.
=710  2\$aUniversity of Glasgow.
=710  2\$aQueen's University of Belfast.
=776  08$iAlso issued online as:$tBulletin of Spanish studies (2002. Online)$x1478-3428
=780  00$tBulletin of Hispanic studies (Glasgow, Scotland)$x0007-490X
=852  41$aBritish Library$bDSC$j2909.139000$3Vol. 79, no. 1 (2002)-v. 87, no. 8 (2010)***UKRR Retained Title
=852  41$aBritish Library$bHMNTS$jPP.5044.ak
=856  \\$31850-9999$uhttp://www.tandfonline.com/$xBLDSS
=945  \\$aBULLETIN OF SPANISH STUDIES- UNIVERSITY OF GLASGOW
=959  \\$fHeld but not currently received
=985  \\$aDo not merge ISSN record into this record or add 042 issnuk
=ACF  \\$aPrevious copyright fee: GBP17.00$c1\0$e01-jan-2010$fGBP17.00$g0$hP$5Uk
=ACF  \\$aPrevious copyright fee: GBP16.00$c1\0$e01-jan-2009$fGBP16.00$g0$hP$5Uk
=ACF  \\$aPrevious copyright fee: GBP15.00$c1\0$e01-apr-2008$fGBP15.00$g0$hP$5Uk
=ACF  \\$aPrevious copyright fee: GBP16.00$c1\0$e01-jan-2007$fGBP16.00$g0$hP$5Uk
=ACF  \\$aPrevious copyright fee: GBP13.00$c1\0$e01-jan-2005$fGBP13.00$g0$hP$5Uk
=ACF  \\$aPrevious copyright fee: GBP11.00$c1\0$e01-jan-2004$fGBP11.00$g0$hP$5Uk
=ACF  \\$aCurrent copyright fee: GBP10.00$c1\0$e18-apr-2002$fGBP10.00$g0$hP$5Uk
=ACF  \\$aPrevious copyright fee: GBP21.00$c1\0$e01-jan-2011$fGBP21.00$g0$hP$5Uk
=ACF  \\$aPrevious copyright fee: GBP23.00$c1\0$e01-jan-2012$fGBP23.00$g0$hP$5Uk
=ACF  \\$aPrevious copyright fee: GBP23.50$c1\0$e01-jan-2013$fGBP23.50$g0$hP$5Uk
=ACF  \\$aPrevious copyright fee: GBP24.00$c1\0$e01-jan-2014$fGBP24.00$g0$hP$5Uk
=ACF  \\$aPrevious copyright fee: GBP25.00$c1\0$e01-jan-2015$fGBP25.00$g0$hP$5Uk
=ACF  \\$aPrevious copyright fee: GBP26.00$c1\0$e01-jan-2016$fGBP26.00$g0$hP$5Uk
=ACF  \\$aPrevious copyright fee: GBP28.00$c1\0$e01-jan-2017$fGBP28.00$g0$hP$5Uk
=ACF  \\$aPrevious copyright fee: GBP30.00$c1\0$e01-jan-2018$fGBP30.00$g0$hP$5Uk
=ACF  \\$aPrevious copyright fee: GBP32.00$c1\0$e01-jan-2019$fGBP32.00$g0$hP$5Uk
=ACF  \\$aPrevious copyright fee: GBP34.00$c1\0$e01-jan-2020$fGBP34.00$g0$hP$5Uk
=ACF  \\$aPrevious copyright fee: GBP35.00$c1\0$e01-jan-2021$fGBP35.00$g0$hP$5Uk
=CAT  \\$a8874$b40$c20051019$lBLL01$h1357
=CAT  \\$aBATCH-UPD$b00$c20131119$lBLL01$h1858
=CAT  \\$aIPL-CLA$c20131231$lBLL01$h2355
=CAT  \\$aBATCH-UPD$b00$c20141124$lBLL01$h1742
=CAT  \\$aBLDSS-3PM$b00$c20141130$lBLL01$h1248
=CAT  \\$aIPL-CLA$c20141231$lBLL01$h1652
=CAT  \\$aBATCH-UPD$b00$c20151119$lBLL01$h1520
=CAT  \\$a5997$b40$c20151215$lBLL01$h1005
=CAT  \\$aIPL-CLA$c20151231$lBLL01$h1922
=CAT  \\$aBATCH-UPD$b00$c20160413$lBLL01$h1820
=CAT  \\$aBATCH-UPD$b00$c20160908$lBLL01$h1136
=CAT  \\$a5110$b40$c20160922$lBLL01$h0948
=CAT  \\$aBATCH-UPD$b40$c20161122$lBLL01$h1443
=CAT  \\$aIPL-CLA$c20161230$lBLL01$h2146
=CAT  \\$aBATCH-UPD$b00$c20171121$lBLL01$h1623
=CAT  \\$aIPL-CLA$c20171231$lBLL01$h1647
=CAT  \\$aBATCH-UPD$b00$c20181217$lBLL01$h1629
=CAT  \\$aIPL-CLA$c20181231$lBLL01$h1543
=CAT  \\$aBATCH-UPD$b00$c20191122$lBLL01$h1842
=CAT  \\$aIPL-CLA$c20191231$lBLL01$h1936
=CAT  \\$aBATCH-UPD$b00$c20201118$lBLL01$h1324
=CAT  \\$aIPL-CLA$c20201231$lBLL01$h1529
=CAT  \\$aBATCH-UPD$b00$c20221121$lBLL01$h1319
=CAT  \\$aIPL-CLA$c20221231$lBLL01$h1446
=CAT  \\$aR2308-1440$c20230824$lBLL01$h0928
=CAT  \\$aIPL-CLA$c20230930$lBLL01$h0807
=CFI  0\$aCurrent copyright fee: GBP37.00$c2\0$e01-oct-2023$fGBP37.00$g0$hP$5Uk
=CFI  2\$aPrevious copyright fee: GBP37.00$c1\0$e01-jan-2023$fGBP37.00$g0$hP$5Uk
=EST  \\$a2
=FFP  \\$aY$bBLDSS-3PM
=FIN  \\$aY$d20051019
=FMT  \\$a  SE
=LAS  \\$aIPL-CLA$b00$c20230930$lBLL01$h0807
=LEO  \\$aMP5.0000014734
=LEO  \\$aMP13.0000234264
=LEO  \\$aMP10.0000124552
=LKR  \\$aPAR$b011736056$lBLL01$r78000$mBulletin of Spanish studies (2002. Print)$nBulletin of Hispanic studies (Glasgow, Scotland)
=SRC  \\$aDSS01$bbibmp10.200404.2.aa
=SRC  \\$aBNB03$bbibmp5.200404.2.aa
=SRC  \\$aHSS01$bbibmp13.200404.2.aa
=TCO  \\$aCLA$bCLA$c008
=TOC  \\$aETOC

