=LDR  02812caa a22006617a 4500
=001  013335896
=003  Uk
=005  20230302180002.0
=008  051114s2005\\\\enk\\\\\\\\\\\100\0\eng\\
=040  \\$aUk$beng$cUk
=245  00$aTwelfth congress of the International Psychogeriatric Association :$bAging with dignity : new challenges, new possibilities, new solutions.
=260  \\$bCambridge University Press,$c2005.
=300  \\$a1 v.
=336  \\$atext$2rdacontent
=337  \\$aunmediated$2rdamedia
=338  \\$avolume$2rdacarrier
=540  \\$aCurrent Copyright Fee: GBP15.00$c0$5Uk
=591  \\$aAbstracts.
=595  \\$aFor selected papers see 4545.345000 vol 18 suppl 1 2006.
=653  1\$aPsychogeriatric
=653  1\$aAging
=710  2\$aInternational Psychogeriatric Association.
=852  11$aBritish Library$bSTI$k(P)$h618.97689$m-E(1)
=852  41$aBritish Library$bDSC$j4545.345000
=852  41$aBritish Library$bSTI$j(TP)618.97689-E(1)
=985  \\$aInternational psychogeriatrics, ISSN 1041-6102 ; vol 17 suppl 2 2005
=ACF  \\$aPrevious Copyright Fee: GBP17.50$c0$e01-apr-2019$fGBP17.50$g0$hA$5Uk
=CAT  \\$a7153$b40$c20051114$lBLL01$h1239
=CAT  \\$a6019$b40$c20061103$lBLL01$h0946
=CAT  \\$aBATCH-CLA$b00$c20120928$lBLL01$h1832
=CAT  \\$aBATCH-CLA$b00$c20120930$lBLL01$h1037
=CAT  \\$aBATCH-UPD$b00$c20121105$lBLL01$h1136
=CAT  \\$aBATCH-CLA$b00$c20130508$lBLL01$h0723
=CAT  \\$aBLDSS-3PM$b00$c20141208$lBLL01$h1625
=CAT  \\$aBATCH-UPD$b00$c20160603$lBLL01$h0810
=CAT  \\$aBATCH-CLA$b00$c20160604$lBLL01$h0113
=CAT  \\$aIPL-CLA$c20160630$lBLL01$h1605
=CAT  \\$a8244$b40$c20181211$lBLL01$h1352
=CAT  \\$aBATCH-CLA$b00$c20181212$lBLL01$h0141
=CAT  \\$aW1902-1304$c20190314$lBLL01$h1239
=CAT  \\$aBATCH-UPD$b00$c20190314$lBLL01$h1618
=CAT  \\$aBATCH-CLA$b00$c20190315$lBLL01$h0120
=CAT  \\$aBATCH-CLA$b00$c20190315$lBLL01$h0126
=CAT  \\$aIPL-CLA$c20190331$lBLL01$h1726
=CAT  \\$aDEL-3PM$c20190409$lBLL01$h0905
=CAT  \\$aBATCH-CLA$b00$c20190410$lBLL01$h0140
=CAT  \\$aBATCH-CLA$b00$c20190621$lBLL01$h1539
=CAT  \\$aIPL-CLA$c20190630$lBLL01$h1535
=CAT  \\$aBATCH-CLA$b00$c20221206$lBLL01$h1706
=CAT  \\$aIPL-CLA$c20221231$lBLL01$h2115
=CAT  \\$aBATCH-CLA$b00$c20230302$lBLL01$h1800
=CFI  0\$aCurrent Copyright Fee: GBP15.00$c0$e09-feb-2023$fGBP15.00$g0$hC$5Uk
=CNF  \\$aInternational Psychogeriatric Association (Congress)$n(12th :$d2005 Sep :$cStockholm)
=FIN  \\$aY$d20051114
=FMT  \\$a  BK
=LAS  \\$aBATCH-CLA$b00$c20230302$lBLL01$h1800
=LKR  \\$aANA$b009859634$lBLL01$nInternational psychogeriatrics$mTwelfth Congress of the International Psychogeriatric Association$r773$y2005$v17$i2$psn
=TCO  \\$aCLA$bCLA$c008

