=LDR  01668 aa a22004217a 4500
=001  013338916
=003  Uk
=005  20051116141941.0
=008  051116s2005\\\\xr\\\\\\\\\\\\100\0\eng\\
=040  \\$aUk$beng$cUk
=245  00$aCOST844 meeting :$bthe role of nitric oxide in cardiovascular system.
=260  \\$aPrague :$bInstitute of Physiology, Academy of Sciences of the Czech Republic,$c2005.
=300  \\$app. 51P-59P.
=336  \\$atext$2rdacontent
=337  \\$aunmediated$2rdamedia
=338  \\$avolume$2rdacarrier
=540  \\$aBritish Library not licensed to copy$c0$5Uk
=591  \\$aSelected abstracts.
=653  1\$aCOST844
=653  1\$aNitric oxide
=653  1\$aCardiovascular system
=653  2\$aCOST 844
=710  2\$aAkademie věd České republiky.$bInstitute of Physiology.
=852  71$aBritish Library$bSTI$k(P)$hER 00$m-E(58)$2blsrissc
=852  41$aBritish Library$bDSC$j6484.950000
=985  \\$aPhysiological research, ISSN 0862-8408 ; vol 54 iss 5 2005
=CAT  \\$a11245$b40$c20051116$lBLL01$h1419
=CAT  \\$aBATCH-CLA$b00$c20120928$lBLL01$h1825
=CAT  \\$aBATCH-CLA$b00$c20120930$lBLL01$h1026
=CAT  \\$aBATCH-CLA$b00$c20130508$lBLL01$h0707
=CAT  \\$aBATCH-CLA$b00$c20130912$lBLL01$h0035
=CFI  0\$aBritish Library not licensed to copy$c0$e11-sep-2013$hC$iTX$5Uk
=CNF  \\$aCOST844 meeting$d(2005 Apr :$cBratislava, Slovakia)
=FIN  \\$aY$d20051116
=FMT  \\$a  BK
=LAS  \\$aBATCH-CLA$b00$c20130912$lBLL01$h0035
=LKR  \\$aANA$b007863052$lBLL01$nPHYSIOLOGICAL RESEARCH.$r773$y2005$v54$i5$mCOST844 meeting : the role of nitric oxide in cardiovascular system.
=TCO  \\$aCLA$bCLA$c008

