=LDR  04422cas a2201033 a 4500
=001  013339088
=003  Uk
=005  20211231154316.0
=006  m\\\\\\\\d\\\\\\\\
=007  cr\cnu||||||||
=008  050919c20059999nyumx\pso\\\\\0\\\a0eng\c
=010  \\$a2005264545
=016  7\$a101264817$2DNLM
=022  0\$a1878-058X$l1555-4155$y1555-4155$21
=035  \\$a(OCoLC)61661873$z(OCoLC)252445000
=037  \\$bElsevier, 360 Park Avenue South, New York, NY 10010
=040  \\$aCOU$beng$cCOU$dOCLCQ$dSBH$dVRC$dCUI$dGUA$dLGG$dAUD$dDLC$dOCLCQ$dUk
=042  \\$aukblsr
=050  \4$aRT82.8
=060  00$aW1$bJO385
=082  04$a610.73$223
=130  0\$aJournal for nurse practitioners (Online)
=222  \4$aThe journal of nurse practitioners$b(Online)
=245  14$aThe journal for nurse practitioners$h[electronic resource].
=246  13$aJNP
=260  \\$aNew York :$bElsevier,$c2005-
=310  \\$aTen no. a year
=336  \\$atext$2rdacontent
=337  \\$acomputer$2rdamedia
=338  \\$aonline resource$2rdacarrier
=362  0\$aVol. 1, issue 1 (July/Aug. 2005)-
=540  \\$aCurrent copyright fee: GBP34.30$c5\1$5Uk
=550  \\$aOfficial journal of the American College of Nurse Practitioners.
=588  \\$aTitle from available issues list (ScienceDirect, viewed Oct. 11, 2005).
=588  \\$aLatest issue consulted: Vol. 8, issue 6 (June 2012) (ScienceDirect, viewed July 10, 2012).
=650  \0$aNurse practitioners$vPeriodicals.
=650  \2$aNurse Practitioners$vPeriodicals.
=710  2\$aAmerican College of Nurse Practitioners.
=776  08$iPrint version:$tJournal for nurse practitioners$x1555-4155
=852  \\$aBritish Library$bDSC$j5023.650500$3Volume 1:Issue 2(2005)-***See ESTAR for full holdings.
=856  \\$31850-9999$uhttp://www.elsevier.com/journals$xBLDSS
=856  40$uhttp://www.sciencedirect.com/science/journal/15554155
=945  \\$aJournal for nurse practitioners
=959  \\$fCurrently received
=985  \\$aISSN is out of step with key title having "of" not "for, CS 10/7/12
=ACF  \\$aPrevious copyright fee: GBP19.00$c5\4$e01-jan-2008$fGBP19.00$g0$hP$5Uk
=ACF  \\$aPrevious copyright fee: GBP18.00$c5\4$e16-nov-2005$fGBP18.00$g0$hP$5Uk
=ACF  \\$aPrevious copyright fee: GBP20.00$c5\1$e01-jan-2009$fGBP20.00$g0$hP$5Uk
=ACF  \\$aPrevious copyright fee: GBP21.00$c5\1$e01-jan-2012$fGBP21.00$g0$hP$5Uk
=ACF  \\$aPrevious copyright fee: GBP22.50$c5\1$e01-jan-2013$fGBP22.50$g0$hP$5Uk
=ACF  \\$aPrevious copyright fee: GBP23.40$c5\1$e01-jan-2018$fGBP23.40$g0$hP$5Uk
=CAT  \\$a7174$b40$c20051116$lBLL01$h1540
=CAT  \\$aBATCH-UPD$b40$c20071231$lBLL01$h2150
=CAT  \\$aBATCH$b00$c20071231$lBLL01$h2253
=CAT  \\$aBATCH-UPD$b00$c20081119$lBLL01$h1604
=CAT  \\$aBATCH-UPD$b00$c20081231$lBLL01$h2321
=CAT  \\$aBATCH-UPD$b00$c20090101$lBLL01$h0053
=CAT  \\$aBATCH$b00$c20090101$lBLL01$h0229
=CAT  \\$aWR10_164$c20101215$lBLL01$h1511
=CAT  \\$aWR11_155$c20111021$lBLL01$h1323
=CAT  \\$aWR11_155$c20111114$lBLL01$h1645
=CAT  \\$aBATCH-UPD$b00$c20111123$lBLL01$h1853
=CAT  \\$aIPL-CLA$c20111230$lBLL01$h2022
=CAT  \\$a8124$b40$c20120710$lBLL01$h1457
=CAT  \\$a8124$b40$c20120710$lBLL01$h1458
=CAT  \\$aBATCH-CLA$b00$c20121109$lBLL01$h1728
=CAT  \\$aBATCH-UPD$b00$c20121121$lBLL01$h1657
=CAT  \\$aIPL-CLA$c20121231$lBLL01$h1317
=CAT  \\$aIPL-CLA$c20130102$lBLL01$h1741
=CAT  \\$aBLDSS-3PM$b00$c20141222$lBLL01$h1715
=CAT  \\$aBATCH-UPD$b00$c20160602$lBLL01$h1127
=CAT  \\$aBATCH-UPD$b00$c20171121$lBLL01$h1745
=CAT  \\$aIPL-CLA$c20171231$lBLL01$h1648
=CAT  \\$aBATCH-UPD$b00$c20190521$lBLL01$h1437
=CAT  \\$aIPL-CLA$c20190630$lBLL01$h1535
=CAT  \\$aBATCH-UPD$b00$c20211119$lBLL01$h1554
=CAT  \\$aIPL-CLA$c20211231$lBLL01$h1543
=CFI  0\$aCurrent copyright fee: GBP34.30$c5\1$e01-jan-2022$fGBP34.30$g0$hP$5Uk
=CFI  2\$aPrevious copyright fee: GBP32.84$c5\1$e01-jul-2019$fGBP32.84$g0$hP$5Uk
=EST  \\$a1
=FFP  \\$aY$bBLDSS-3PM
=FIN  \\$aY$d20120710
=FMT  \\$a  SE
=LAS  \\$aIPL-CLA$b00$c20211231$lBLL01$h1543
=LKR  \\$aPAR$b013632580$lBLL01$r776$mThe journal of nurse practitioners (Online)$nThe journal for nurse practitioners (Print)
=MNI  \\$a1555-4155
=SID  \\$aZ39$bOCLC
=TCO  \\$aTRS$bCCC$c008
=TOC  \\$aETOC

