=LDR  05456cas a2201165 a 4500
=001  013355203
=003  Uk
=005  20230511162904.0
=006  m\\\\\o\\d\\\\\\\\
=007  cr||||||||||||
=008  060817d20062013gw\fx\pso\\\\\0\\\a0eng\c
=010  \\$a  2006238697
=019  c\$a3012519
=022  0\$a2193-0074$l2193-0066$y1435-1943$26
=035  \\$a(OCoLC)70918456
=037  \\$aISSN_14351943$bPortico$nWiley
=040  \\$aInU$beng$cInU$dInU$dCaQMUQ$dNBuU$dWaSeSS$dOCoLC$dUk
=042  \\$aukblsr
=050  14$aQE701$b.M572
=082  04$a560$222
=130  0\$aMitteilungen aus dem Museum für Naturkunde in Berlin.$pFossil record (Online)
=222  \0$aFossil record$b(Weinheim. Internet)
=245  10$aMitteilungen aus dem Museum für Naturkunde in Berlin.$pFossil record$h[electronic resource].
=246  30$aFossil record
=260  \\$aWeinheim :$bWiley-VCH Verlag & Co. KGaA,$cc2006-2013.
=264  31$aGöttingen :$bCopernicus Publications
=310  \\$aTwo issues per year
=336  \\$atext$2rdacontent
=337  \\$acomputer$2rdamedia
=338  \\$aonline resource$2rdacarrier
=362  0\$aVol. 9, issue 1 (Feb. 2006)-
=500  \\$aTitle from table of contents screen (Wiley InterScience; viewed: 8/17/2006).
=538  \\$aMode of access: World Wide Web.
=540  \\$aCurrent Copyright Fee: zero$c72\0$5Uk
=550  \\$aA publication of the Institutes of Palaeontology and Mineralogy of the Humboldt University Museum of Natural History.
=588  \\$aLatest issue consulted: volume 17, number 1 (2014) (Journal home page on Copernicus Publications website, viewed May 6, 2014).
=595  \\$aSee also card index.
=650  \0$aPaleontology$vPeriodicals.
=650  \0$aFossils$vPeriodicals.
=650  \0$aGeology, Stratigraphic$vPeriodicals.
=710  2\$aHumboldt-Universität zu Berlin.$bMuseum für Naturkunde.
=710  2\$aHumboldt-Universität zu Berlin.$bMuseum für Naturkunde.$bInstitut für Paläontologie.
=710  2\$aHumboldt-Universität zu Berlin.$bMuseum für Naturkunde.$bInstitut für Mineralogie.
=776  08$iPrint version:$tMitteilungen aus dem Museum für Naturkunde in Berlin. Fossil record$x2193-0066
=780  00$tMitteilungen aus dem Museum für Naturkunde in Berlin. Geowissenschaftliche Reihe (Online)$x1860-1014
=852  41$aBritish Library$bDSC$j5860.342000$3Volume 9:Issue 1(2006)-Volume 16:Issue 2(2013)***See ESTAR for full holdings.
=852  41$aBritish Library$bHMNTS$jELD Digital store$3Volume 16:Issue 1(2013:Feb.)-Volume 16:Issue 2(2013:Aug.)
=856  \\$31850-9999$uhttps://doaj.org/$xBLDSS
=856  40$uhttp://onlinelibrary.wiley.com/journal/10.1002/(ISSN)1860-1014
=856  40$uhttp://www.fossil-record.net/home.html
=856  40$uhttp://www3.interscience.wiley.com/cgi-bin/jhome/109865050
=859  \\$aELD$bejournal
=945  \\$aMitteilungen- Museum fur Naturkunde in Berlin Geowissenschaftliche Reihe
=959  \\$fHeld but not currently received
=985  \\$aRecatalogued in April 2013. Record for earlier title (which ceased in 2006) had been used for these ESTAR issues 2006-. Publisher is printing ISSN from former title. MNI 1435-1943 (Print ISSN from former title) has been retained in this record -SF 26/04/2013.
=A02  \\$a3012519
=ACF  \\$aPrevious Copyright Fee: GBP22.00$c0$e01-apr-2014$fGBP22.00$g0$hC$5Uk
=ACF  \\$aPrevious copyright fee: GBP22.00$c35\0$e01-jan-2011$fGBP22.00$g0$hP$5Uk
=ACF  \\$aPrevious Copyright Fee: GBP17.00$c35\0$e01-apr-2005$fGBP17.00$g0$hP$5Uk
=ACF  \\$aPrevious copyright fee: GBP12.30$c0$e06-feb-2014$fGBP12.30$g0$hA$5Uk
=CAT  \\$a8141$b40$c20051207$lBLL01$h1053
=CAT  \\$a8464$b40$c20051215$lBLL01$h1158
=CAT  \\$a11279$b40$c20060104$lBLL01$h1132
=CAT  \\$a11279$b40$c20060104$lBLL01$h1142
=CAT  \\$a5552$b40$c20060105$lBLL01$h1602
=CAT  \\$aBATCH-UPD$b40$c20060901$lBLL01$h0959
=CAT  \\$aBATCH-UPD$b40$c20060901$lBLL01$h1031
=CAT  \\$aBATCH-UPD$b40$c20081212$lBLL01$h2218
=CAT  \\$aBATCH-UPD$b40$c20101116$lBLL01$h1335
=CAT  \\$aIPL-CLA$c20101231$lBLL01$h1517
=CAT  \\$a11316$b40$c20130426$lBLL01$h1443
=CAT  \\$a8874$b40$c20130521$lBLL01$h1340
=CAT  \\$a8874$b40$c20130521$lBLL01$h1433
=CAT  \\$a12654$b40$c20140106$lBLL01$h1143
=CAT  \\$a5552$b40$c20140206$lBLL01$h1112
=CAT  \\$aBATCH-CLA$b00$c20140228$lBLL01$h1619
=CAT  \\$aIPL-CLA$c20140331$lBLL01$h1628
=CAT  \\$a11433$b40$c20140429$lBLL01$h1208
=CAT  \\$a8483$b40$c20140506$lBLL01$h1123
=CAT  \\$aBATCH-UPD$b40$c20140904$lBLL01$h1400
=CAT  \\$aBATCH-CLA$b00$c20150828$lBLL01$h1543
=CAT  \\$aIPL-CLA$c20150930$lBLL01$h1810
=CAT  \\$a5552$b40$c20160316$lBLL01$h0834
=CAT  \\$aBLDSS-3PM$b00$c20160322$lBLL01$h1621
=CAT  \\$a7778$b40$c20170106$lBLL01$h0804
=CAT  \\$aW1711-1005$c20171206$lBLL01$h1818
=CAT  \\$aBATCH-FIX$c20230511$lBLL01$h1629
=CFI  0\$aCurrent copyright fee: zero$c72\0$e16-mar-2016$fGBP0.00$g0$hP$5Uk
=CFI  2\$aPrevious Copyright Fee: GBP24.00$c0$e01-oct-2015$fGBP24.00$g0$hC$5Uk
=EST  \\$a1
=FFP  \\$aY$bBLDSS-3PM
=FIN  \\$aY$d20051207
=FMT  \\$a  SE
=LAS  \\$aBATCH-FIX$b00$c20230511$lBLL01$h1629
=LEO  \\$aMP10.0000377624
=MNI  \\$a1435-1943
=SRC  \\$aDSS01$bbibmp10.200404.2.aa
=SRC  \\$aBLL02
=TCO  \\$aDEU$bVG WORT$c008
=TOC  \\$aETOC

