=LDR  05344cas a2201177 i 4500
=001  013357611
=003  Uk
=005  20221231144702.0
=006  m\\\\\\\\d\\\\\\\\
=007  cr|cn|||||||||
=008  020517c19959999enkbr\pss\o\\\0\\\a0eng\d
=010  \\$a2002238510
=015  \\$aGBA605199$2bnb
=022  \\$a1466-4445$y1352-7266
=037  \\$aISSN_13527266$bPortico$nTaylor & Francis
=040  \\$aIUL$cIUL$dOCLCQ$dF#A$dOCLCQ$dUk
=042  \\$aukblsr
=082  04$a658.8$222
=130  0\$aJournal of marketing communications (Online)
=210  0\$aJ. mark. commun.$b(Online)
=222  \0$aJournal of marketing communications$b(Online)
=245  10$aJournal of marketing communications$h[electronic resource].
=260  \\$a[Abingdon] :$bRoutledge
=310  \\$aBimonthly,$b<2016->
=321  \\$aQuarterly
=336  \\$atext$2rdacontent
=337  \\$acomputer$2rdamedia
=338  \\$aonline resource$2rdacarrier
=362  1\$aPrint began with vol. 1, no. 1 (Mar. 1995).
=500  \\$aDescription based on: Vol. 2, no. 2 (1996); title from introductory page, viewed May 17, 2002.
=500  \\$aLatest issue consulted: vol. 22, no. 5 (2016) (Taylor & Francis Online, viewed October 4, 2016).
=515  \\$aAs of May 17, 2002 vol. 4, no. 2 not available online.
=530  \\$aAlso issued in print.
=538  \\$aMode of access: World Wide Web.
=540  \\$aCurrent copyright fee: GBP37.00$c2\0$5Uk
=650  \0$aCommunication in marketing$vPeriodicals.
=690  7\$aManagement and Business Studies$2blcoll
=776  1\$tJournal of marketing communications$x1352-7266
=852  41$aBritish Library$bHMNTS$jELD Digital store$3Volume 22:Issue 1(2016)-***Previous issues available in print copy
=852  41$aBritish Library$bDSC$j5012.114000$3Volume 12:Issue 1(2006)-Volume 17:Issue 5(2011)***See ESTAR for full holdings.
=856  40$uhttp://www.tandfonline.com/toc/rjmc20/current
=856  \\$31850-9999$uhttp://www.tandfonline.com/$xBLDSS
=859  \\$aELD$bejournal
=945  \\$aJournal of marketing communications
=959  \\$fHeld but not currently received
=985  \\$aISSN responsbility taken by United States ISSN Center, February 25 2015.
=ACF  \\$aPrevious copyright fee: GBP17.00$c2\0$e01-jan-2010$fGBP17.00$g0$hP$5Uk
=ACF  \\$aPrevious copyright fee: GBP16.00$c2\0$e01-jan-2009$fGBP16.00$g0$hP$5Uk
=ACF  \\$aPrevious copyright fee: GBP15.00$c2\0$e01-apr-2008$fGBP15.00$g0$hP$5Uk
=ACF  \\$aPrevious copyright fee: GBP16.00$c2\0$e01-jan-2007$fGBP16.00$g0$hP$5Uk
=ACF  \\$aPrevious copyright fee: GBP13.00$c2\0$e01-jan-2005$fGBP13.00$g0$hP$5Uk
=ACF  \\$aPrevious copyright fee: GBP21.00$c2\0$e01-jan-2011$fGBP21.00$g0$hP$5Uk
=ACF  \\$aPrevious copyright fee: GBP23.00$c2\0$e01-jan-2012$fGBP23.00$g0$hP$5Uk
=ACF  \\$aPrevious copyright fee: GBP23.50$c2\0$e01-jan-2013$fGBP23.50$g0$hP$5Uk
=ACF  \\$aPrevious copyright fee: GBP24.00$c2\0$e01-jan-2014$fGBP24.00$g0$hP$5Uk
=ACF  \\$aPrevious copyright fee: GBP25.00$c2\0$e01-jan-2015$fGBP25.00$g0$hP$5Uk
=ACF  \\$aPrevious copyright fee: GBP26.00$c2\0$e01-jan-2016$fGBP26.00$g0$hP$5Uk
=ACF  \\$aPrevious copyright fee: GBP28.00$c2\0$e01-jan-2017$fGBP28.00$g0$hP$5Uk
=ACF  \\$aPrevious copyright fee: GBP30.00$c2\0$e01-jan-2018$fGBP30.00$g0$hP$5Uk
=ACF  \\$aPrevious copyright fee: GBP32.00$c2\0$e01-jan-2019$fGBP32.00$g0$hP$5Uk
=ACF  \\$aPrevious copyright fee: GBP34.00$c2\0$e01-jan-2020$fGBP34.00$g0$hP$5Uk
=CAT  \\$a8141$b40$c20051211$lBLL01$h1123
=CAT  \\$aBATCH-UPD$b00$c20141124$lBLL01$h1803
=CAT  \\$aBLDSS-3PM$b00$c20141130$lBLL01$h1249
=CAT  \\$aIPL-CLA$c20141231$lBLL01$h1653
=CAT  \\$a11313$b40$c20150225$lBLL01$h0745
=CAT  \\$aBATCH-UPD$b40$c20151119$lBLL01$h1543
=CAT  \\$aIPL-CLA$c20151231$lBLL01$h1923
=CAT  \\$a11433$b40$c20160109$lBLL01$h0941
=CAT  \\$a14448$b40$c20160129$lBLL01$h1352
=CAT  \\$aBATCH-UPD$b40$c20160726$lBLL01$h0540
=CAT  \\$a3072$b40$c20161004$lBLL01$h1108
=CAT  \\$a3072$b40$c20161004$lBLL01$h1112
=CAT  \\$a3072$b40$c20161004$lBLL01$h1145
=CAT  \\$aBATCH-UPD$b40$c20161122$lBLL01$h1512
=CAT  \\$aIPL-CLA$c20161230$lBLL01$h2150
=CAT  \\$aBATCH-UPD$b00$c20171121$lBLL01$h1647
=CAT  \\$aW1711-1005$c20171206$lBLL01$h1818
=CAT  \\$aIPL-CLA$c20171231$lBLL01$h1649
=CAT  \\$aBATCH-UPD$b00$c20181217$lBLL01$h1638
=CAT  \\$aIPL-CLA$c20181231$lBLL01$h1543
=CAT  \\$aBATCH-UPD$b00$c20191122$lBLL01$h1900
=CAT  \\$aIPL-CLA$c20191231$lBLL01$h1937
=CAT  \\$aBATCH-UPD$b00$c20201118$lBLL01$h1334
=CAT  \\$aIPL-CLA$c20201231$lBLL01$h1529
=CAT  \\$aBATCH-UPD$b00$c20221121$lBLL01$h1347
=CAT  \\$aIPL-CLA$c20221231$lBLL01$h1447
=CFI  0\$aCurrent copyright fee: GBP37.00$c2\0$e01-jan-2023$fGBP37.00$g0$hP$5Uk
=CFI  2\$aPrevious copyright fee: GBP35.00$c2\0$e01-jan-2021$fGBP35.00$g0$hP$5Uk
=EST  \\$a1
=FFP  \\$aY$bBLDSS-3PM
=FIN  \\$aY$d20051211
=FMT  \\$a  SE
=LAS  \\$aIPL-CLA$b00$c20221231$lBLL01$h1447
=LEO  \\$aMP22.0000061018
=LET  \0$aJournal of marketing communications (Electronic)
=MNI  \\$a1352-7266
=SID  \\$aZ39$bOCLC
=SRC  \\$aISN01$bbibmp22.200404.2.aa
=TCO  \\$aCLA$bCLA$c008
=TOC  \\$aETOC

