=LDR  05660cas a2201225 a 4500
=001  013362810
=003  Uk
=005  20230930080835.0
=006  m\\\\\\\\d\\\\\\\\
=007  cr\|||||||||||
=008  000707c19769999enkmx\pso\\\\\0\\\a0eng\d
=015  \\$aGBA607222$2bnb
=022  \\$a1470-174X
=037  \\$aISSN_03075079$bPortico$nTaylor & Francis
=040  \\$aF#A$cF#A$dOCLCQ$dUk
=042  \\$aukblsr
=082  04$a378.005$222
=130  0\$aStudies in higher education (Oxford, England : Online)
=222  \0$aStudies in higher education$b(Online)
=245  10$aStudies in higher education$h[electronic resource].
=260  \\$a[Abingdon, Oxfordshire] :$bCarfax International Publishers
=264  31$aAbingdon :$bTaylor & Francis
=310  \\$aTen issues yearly,$b2013-
=321  \\$aEight issues yearly,$b2009-2012
=321  \\$aBi-monthly,$b2004-2008
=321  \\$aQuarterly,$b2002-2003
=321  \\$a3 no. a year,$b1985-2001
=321  \\$aSemi-annual,$b1976-1984
=336  \\$atext$2rdacontent
=337  \\$acomputer$2rdamedia
=338  \\$aonline resource$2rdacarrier
=362  1\$aPrint began with vol. 1, no. 1 (Mar. 1976).
=530  \\$aAlso issued in print.
=538  \\$aMode of access: World Wide Web.
=540  \\$aCurrent copyright fee: GBP37.00$c2\0$5Uk
=550  \\$aPublished on behalf of the Society for Research into Higher Education.
=588  \\$aDescription based on: Vol. 25, no. 1 (Mar. 2000); title from journal information screen (viewed June 6, 2000).
=588  \\$aLatest issue consulted: volume 41, issue 4 (2016) (Taylor & Francis Online, viewed March 9, 2016).
=650  \0$aEducation, Higher$vPeriodicals.
=710  2\$aSociety for Research into Higher Education.
=776  1\$tStudies in higher education$x0307-5079
=852  41$aBritish Library$bHMNTS$jELD Digital store$3Volume 41:Issue 1(2016)-
=852  41$aBritish Library$bDSC$j8490.633000$3Volume 31:Issue 1(2006)-Volume 36:Issue 8(2011)***See ESTAR for full holdings.
=856  \\$31850-9999$uhttp://www.tandfonline.com/$xBLDSS
=856  40$uhttp://www.tandf.co.uk/journals/titles/03075079.asp
=856  40$uhttp://www.tandfonline.com/toc/cshe20/current
=859  \\$aELD$bejournal
=945  \\$aStudies in higher education-Oxford-
=959  \\$fHeld but not currently received
=979  \\$aBritish Library$bDSC$j8490.633000
=985  \\$aISSN note: responsibilty for ISSN transferred from ISSN UK Centre to US ISSN Center (multinational publisher agreement), 13.03.14.
=ACF  \\$aPrevious copyright fee: GBP17.00$c1\0$e01-jan-2010$fGBP17.00$g0$hP$5Uk
=ACF  \\$aPrevious copyright fee: GBP16.00$c1\0$e01-jan-2009$fGBP16.00$g0$hP$5Uk
=ACF  \\$aPrevious copyright fee: GBP15.00$c1\0$e01-apr-2008$fGBP15.00$g0$hP$5Uk
=ACF  \\$aPrevious copyright fee: GBP16.00$c1\0$e01-jan-2007$fGBP16.00$g0$hP$5Uk
=ACF  \\$aPrevious copyright fee: GBP13.00$c1\0$e01-jan-2005$fGBP13.00$g0$hP$5Uk
=ACF  \\$aPrevious copyright fee: GBP21.00$c1\0$e01-jan-2011$fGBP21.00$g0$hP$5Uk
=ACF  \\$aPrevious copyright fee: GBP23.00$c1\0$e01-jan-2012$fGBP23.00$g0$hP$5Uk
=ACF  \\$aPrevious copyright fee: GBP23.50$c1\0$e01-jan-2013$fGBP23.50$g0$hP$5Uk
=ACF  \\$aPrevious copyright fee: GBP24.00$c1\0$e01-jan-2014$fGBP24.00$g0$hP$5Uk
=ACF  \\$aPrevious copyright fee: GBP25.00$c1\0$e01-jan-2015$fGBP25.00$g0$hP$5Uk
=ACF  \\$aPrevious copyright fee: GBP26.00$c1\0$e01-jan-2016$fGBP26.00$g0$hP$5Uk
=ACF  \\$aPrevious copyright fee: GBP28.00$c1\0$e01-jan-2017$fGBP28.00$g0$hP$5Uk
=ACF  \\$aPrevious copyright fee: GBP30.00$c1\0$e01-jan-2018$fGBP30.00$g0$hP$5Uk
=ACF  \\$aPrevious copyright fee: GBP32.00$c1\0$e01-jan-2019$fGBP32.00$g0$hP$5Uk
=ACF  \\$aPrevious copyright fee: GBP34.00$c1\0$e01-jan-2020$fGBP34.00$g0$hP$5Uk
=ACF  \\$aPrevious copyright fee: GBP35.00$c1\0$e01-jan-2021$fGBP35.00$g0$hP$5Uk
=CAT  \\$a7332$b40$c20051216$lBLL01$h0839
=CAT  \\$a14448$b40$c20151216$lBLL01$h0925
=CAT  \\$aIPL-CLA$c20151231$lBLL01$h1923
=CAT  \\$a14448$b40$c20160130$lBLL01$h0945
=CAT  \\$a11316$b40$c20160309$lBLL01$h0956
=CAT  \\$a11316$b40$c20160309$lBLL01$h0958
=CAT  \\$aBATCH-UPD$b40$c20160725$lBLL01$h1603
=CAT  \\$aBATCH-UPD$b40$c20161122$lBLL01$h1443
=CAT  \\$aIPL-CLA$c20161230$lBLL01$h2150
=CAT  \\$aBATCH-UPD$b00$c20171121$lBLL01$h1623
=CAT  \\$aW1711-1005$c20171206$lBLL01$h1819
=CAT  \\$aIPL-CLA$c20171231$lBLL01$h1650
=CAT  \\$aBATCH-UPD$b00$c20181217$lBLL01$h1629
=CAT  \\$aIPL-CLA$c20181231$lBLL01$h1543
=CAT  \\$aBATCH-UPD$b00$c20191122$lBLL01$h1842
=CAT  \\$aIPL-CLA$c20191231$lBLL01$h1937
=CAT  \\$a5410$b40$c20200211$lBLL01$h0912
=CAT  \\$aBATCH-UPD$b40$c20201118$lBLL01$h1324
=CAT  \\$aIPL-CLA$c20201231$lBLL01$h1529
=CAT  \\$a8874$b40$c20221005$lBLL01$h1019
=CAT  \\$a5410$b40$c20221012$lBLL01$h1055
=CAT  \\$a5410$b40$c20221019$lBLL01$h1752
=CAT  \\$aBATCH-UPD$b40$c20221121$lBLL01$h1319
=CAT  \\$aIPL-CLA$c20221231$lBLL01$h1447
=CAT  \\$aR2308-1440$c20230824$lBLL01$h0928
=CAT  \\$aIPL-CLA$c20230930$lBLL01$h0808
=CFI  0\$aCurrent copyright fee: GBP37.00$c2\0$e01-oct-2023$fGBP37.00$g0$hP$5Uk
=CFI  2\$aPrevious copyright fee: GBP37.00$c1\0$e01-jan-2023$fGBP37.00$g0$hP$5Uk
=EST  \\$a1
=FFP  \\$aY$bBLDSS-3PM
=FIN  \\$aY$d20051216
=FMT  \\$a  SE
=LAS  \\$aIPL-CLA$b00$c20230930$lBLL01$h0808
=LET  \0$aStudies in higher education (Electronic)
=MNI  \\$a0307-5079
=SID  \\$aZ39$bOCLC
=TCO  \\$aCLA$bCLA$c008
=TOC  \\$aETOC

