=LDR  06551cas a2201249 a 4500
=001  013364298
=003  Uk
=005  20230307005821.0
=006  m\\\\\\\\d\\\\\\\\
=007  cr\|||||||||||
=008  021009c19989999nyuzx\pss\\\\\0\\\a0eng\d
=015  \\$aGBB622785$2bnb
=022  0\$a1532-4117
=037  \\$aISSN_10934529$bPortico$nTaylor & Francis
=040  \\$aTXA$cTXA$dOCLCQ$dF#A$dVAM$dUk
=042  \\$aukblsr
=082  04$a628$222
=130  0\$aJournal of environmental science and health.$nPart A,$pToxic/hazardous substances & environmental engineering (Online)
=222  \0$aJournal of environmental science and health. Part A. Toxic/hazardous substances & environmental engineering$b(Online)
=245  10$aJournal of environmental science and health.$nPart A,$pToxic/hazardous substances & environmental engineering$h[electronic resource].
=246  30$aToxic/hazardous substances & environmental engineering
=246  30$aToxic hazardous substances and environmental engineering
=260  \\$aNew York, NY :$bMarcel Dekker
=264  31$a[Abingdon?] :$bTaylor & Francis
=310  \\$aFourteen issues yearly,$b2007-
=321  \\$aMonthly
=336  \\$atext$2rdacontent
=337  \\$acomputer$2rdamedia
=338  \\$aonline resource$2rdacarrier
=362  1\$aPrint began with vol. A33, no. 1 (Jan. 1998).
=500  \\$aDescription based on: Vol. 36, no. 1 (2001); title from journal contents screen (viewed Oct. 9, 2002).
=530  \\$aAlso issued in print.
=538  \\$aMode of access: World Wide Web.
=540  \\$aCurrent copyright fee: GBP43.00$c2\0$5Uk
=580  \\$aIncludes issues of earlier title: Journal of environmental science and health. Part A, Environmental science and engineering & toxic and hazardous substance control.
=588  \\$aLatest issue consulted: volume 51, issue 4 (2016)(Taylor & Francis online, viewed February 11, 2016).
=650  \0$aEnvironmental engineering$vPeriodicals.
=650  \0$aEnvironmental sciences$vPeriodicals.
=650  \2$aEcology$vperiodicals
=650  \2$aHazardous Substances$vperiodicals
=710  2\$aMarcel Dekker, Inc.
=776  1\$tJournal of environmental science and health. Part A, Toxic/hazardous substances & environmental engineering
=780  10$tJournal of environmental science and health. Part A, Environmental science and engineering & toxic and hazardous substance control$x2332-4074
=852  41$aBritish Library$bSTI$jELD Digital store$3Volume 51:Issue 1(2016)-***Transferred from print***Previous issues available in print copy
=852  41$aBritish Library$bDSC$j4979.393300$3Volume 41:Issue 1(2006)-Volume 52:Issue 14(2017)***See ESTAR for full holdings.
=856  \\$31850-9999$uhttp://www.tandfonline.com/$xBLDSS
=859  \\$aELD$bejournal
=945  \\$aJournal of environmental science and health Part A Toxic hazardous substances and environmental engineering
=959  \\$fHeld but not currently received
=979  \\$aBritish Library$bDSC$j4979.393300
=985  \\$aPublishing history of titles as expressed on tandfonline.com for this title is wrong and does not match our bib records or ISSN record on Portal. 11.2.2016
=ACF  \\$aPrevious copyright fee: GBP21.00$c2\0$e01-jan-2010$fGBP21.00$g0$hP$5Uk
=ACF  \\$aPrevious copyright fee: GBP20.00$c2\0$e01-jan-2009$fGBP20.00$g0$hP$5Uk
=ACF  \\$aPrevious copyright fee: GBP19.00$c2\0$e01-apr-2008$fGBP19.00$g0$hP$5Uk
=ACF  \\$aPrevious copyright fee: GBP20.00$c2\0$e01-jan-2007$fGBP20.00$g0$hP$5Uk
=ACF  \\$aPrevious Copyright Fee: GBP18.00$c2\0$e26-apr-2006$fGBP18.00$g0$hP$5Uk
=ACF  \\$aCurrent Copyright Fee: GBP16.11$c0$e01-jan-2006$fGBP16.11$g0$hC$5Uk
=ACF  \\$aPrevious Copyright Fee: GBP15.68$c0$e01-oct-2005$fGBP15.68$g0$hC$5Uk
=ACF  \\$aPrevious copyright fee: GBP25.00$c2\0$e01-jan-2011$fGBP25.00$g0$hP$5Uk
=ACF  \\$aPrevious copyright fee: GBP27.00$c2\0$e01-jan-2012$fGBP27.00$g0$hP$5Uk
=ACF  \\$aPrevious copyright fee: GBP27.50$c2\0$e01-jan-2013$fGBP27.50$g0$hP$5Uk
=ACF  \\$aPrevious copyright fee: GBP28.00$c2\0$e01-jan-2014$fGBP28.00$g0$hP$5Uk
=ACF  \\$aPrevious copyright fee: GBP30.00$c2\0$e01-jan-2015$fGBP30.00$g0$hP$5Uk
=ACF  \\$aPrevious copyright fee: GBP34.00$c2\0$e01-jan-2016$fGBP34.00$g0$hP$5Uk
=ACF  \\$aPrevious copyright fee: GBP31.00$c2\0$e01-apr-2016$fGBP31.00$g0$hP$5Uk
=ACF  \\$aPrevious copyright fee: GBP33.00$c2\0$e01-jan-2017$fGBP33.00$g0$hP$5Uk
=ACF  \\$aPrevious copyright fee: GBP35.00$c2\0$e01-jan-2018$fGBP35.00$g0$hP$5Uk
=ACF  \\$aPrevious copyright fee: GBP37.00$c2\0$e01-jan-2019$fGBP37.00$g0$hP$5Uk
=ACF  \\$aPrevious copyright fee: GBP39.00$c2\0$e01-jan-2020$fGBP39.00$g0$hP$5Uk
=CAT  \\$a6550$b40$c20051219$lBLL01$h1546
=CAT  \\$aIPL-CLA$c20151231$lBLL01$h1923
=CAT  \\$a14448$b40$c20160121$lBLL01$h1204
=CAT  \\$a8483$b40$c20160211$lBLL01$h1001
=CAT  \\$a8483$b40$c20160211$lBLL01$h1006
=CAT  \\$a8483$b40$c20160211$lBLL01$h1207
=CAT  \\$a8483$b40$c20160211$lBLL01$h1211
=CAT  \\$a5552$b40$c20160302$lBLL01$h1552
=CAT  \\$aIPL-CLA$c20160331$lBLL01$h1732
=CAT  \\$aBATCH-UPD$b00$c20160602$lBLL01$h0451
=CAT  \\$a8483$b40$c20160614$lBLL01$h1331
=CAT  \\$aBATCH-UPD$b40$c20161122$lBLL01$h1505
=CAT  \\$aIPL-CLA$c20161230$lBLL01$h2150
=CAT  \\$aBATCH-UPD$b00$c20171121$lBLL01$h1655
=CAT  \\$aW1711-1005$c20171206$lBLL01$h1819
=CAT  \\$aIPL-CLA$c20171231$lBLL01$h1650
=CAT  \\$aBATCH-UPD$b00$c20181217$lBLL01$h1644
=CAT  \\$aIPL-CLA$c20181231$lBLL01$h1543
=CAT  \\$aW1811-111$c20190203$lBLL01$h0956
=CAT  \\$aBATCH-UPD$b00$c20191122$lBLL01$h1906
=CAT  \\$aIPL-CLA$c20191231$lBLL01$h1937
=CAT  \\$aBATCH-UPD$b00$c20201118$lBLL01$h1341
=CAT  \\$aIPL-CLA$c20201231$lBLL01$h1529
=CAT  \\$aBATCH-UPD$b00$c20221121$lBLL01$h1339
=CAT  \\$aIPL-CLA$c20221231$lBLL01$h1447
=CAT  \\$a5410$b40$c20230307$lBLL01$h0058
=CFI  0\$aCurrent copyright fee: GBP43.00$c2\0$e01-jan-2023$fGBP43.00$g0$hP$5Uk
=CFI  2\$aPrevious copyright fee: GBP41.00$c2\0$e01-jan-2021$fGBP41.00$g0$hP$5Uk
=EST  \\$a1
=FFP  \\$aY$bBLDSS-3PM
=FIN  \\$aY$d20051219
=FMT  \\$a  SE
=LAS  \\$a5410$b40$c20230307$lBLL01$h0058
=LET  \0$aJournal of environmental science and health. Part A, Toxic/hazardous substances & environmental engineering (Electronic)
=MNI  \\$a1093-4529
=SID  \\$aZ39$bOCLC
=TCO  \\$aTRS$bCCC$c008
=TOC  \\$aETOC

