=LDR  04113 am a2200925 a 4500
=001  013384473
=003  Uk
=005  20060201112021.0
=008  060117s2005\\\\gw\a\\\\\b\\\\001\0\eng\\
=010  \\$a2005936802
=015  \\$aGBA618175$2bnb
=020  \\$a9783540306443 (pbk.) :$cNo price
=020  \\$a3540306447 (pbk.) :$cNo price
=024  3\$a9783540306443
=040  \\$aLWU$cLWU$dUk
=042  \\$aukblsr
=082  04$a005.3$222
=245  00$aComponent-based software development for embedded systems :$ban overview of current research trends /$cColin Atkinson ... [et al.] (eds).
=260  \\$aBerlin ;$a[London] :$bSpringer,$cc2005.
=300  \\$aviii, 345 p. :$bill. ;$c24 cm.
=336  \\$atext$2rdacontent
=337  \\$aunmediated$2rdamedia
=338  \\$avolume$2rdacarrier
=490  1\$aLecture notes in computer science, State-of-the-art survey$x0302-9743 ;$v3778.
=504  \\$aIncludes bibliographical references and index.
=540  \\$aCurrent copyright fee: GBP19.00$c42\0$5Uk
=650  \0$aEmbedded computer systems
=650  \0$aComponent software
=700  1\$aAtkinson, Colin.
=830  \0$aLecture notes in computer science,$x0302-9743 ;$v3778.$pState-of-the-art survey
=852  41$aBritish Library$bDSC$j5180.185000$i3778
=852  71$aBritish Library$bSTI$k(P)$hPL 50$i3778$m-E(30)$2blsrissc
=856  \\$31850-9999$uhttp://www.springer.com/gb/$xBLDSS
=985  \\$aLecture notes in computer science, ISSN 0302-9743 ; 3778 2005.
=ACF  \\$aPrevious copyright fee: GBP18.72$c42\0$e01-jan-2013$fGBP18.72$g0$hP$5Uk
=ACF  \\$aPrevious copyright fee: GBP19.32$c42\0$e01-jul-2013$fGBP19.32$g0$hP$5Uk
=ACF  \\$aPrevious copyright fee: GBP18.72$c42\0$e01-jan-2014$fGBP18.72$g0$hP$5Uk
=ACF  \\$aPrevious copyright fee: GBP18.15$c42\0$e01-jul-2014$fGBP18.15$g0$hP$5Uk
=ACF  \\$aPrevious copyright fee: GBP19.32$c42\0$e01-apr-2015$fGBP19.32$g0$hP$5Uk
=ACF  \\$aPrevious copyright fee: GBP19.97$c42\0$e01-jul-2015$fGBP19.97$g0$hP$5Uk
=ACF  \\$aPrevious copyright fee: GBP19.32$c42\0$e01-oct-2015$fGBP19.32$g0$hP$5Uk
=ACF  \\$aPrevious copyright fee: GBP20.66$c42\0$e01-apr-2016$fGBP20.66$g0$hP$5Uk
=ACF  \\$aPrevious copyright fee: GBP22.19$c42\0$e01-oct-2016$fGBP22.19$g0$hP$5Uk
=ACF  \\$aPrevious copyright fee: GBP23.96$c42\0$e01-apr-2017$fGBP23.96$g0$hP$5Uk
=ACF  \\$aPrevious copyright fee: GBP23.04$c42\0$e01-oct-2017$fGBP23.04$g0$hP$5Uk
=CAT  \\$a8457$b40$c20060123$lBLL01$h1118
=CAT  \\$aIPL-CLA$c20131231$lBLL01$h2359
=CAT  \\$aBATCH-UPD$b00$c20140527$lBLL01$h2226
=CAT  \\$aBATCH-CLA$c20140528$lBLL01$h1742
=CAT  \\$aIPL-CLA$c20140630$lBLL01$h1726
=CAT  \\$aBLDSS-3PM$b00$c20150102$lBLL01$h1730
=CAT  \\$aBATCH-UPD$b00$c20150219$lBLL01$h1911
=CAT  \\$aIPL-CLA$c20150331$lBLL01$h1643
=CAT  \\$aBATCH-UPD$b00$c20150520$lBLL01$h1908
=CAT  \\$aIPL-CLA$c20150630$lBLL01$h1649
=CAT  \\$aBATCH-UPD$b00$c20150820$lBLL01$h1940
=CAT  \\$aIPL-CLA$c20150930$lBLL01$h1811
=CAT  \\$aBATCH-UPD$b00$c20160217$lBLL01$h1837
=CAT  \\$aIPL-CLA$c20160331$lBLL01$h1732
=CAT  \\$aBATCH-UPD$b00$c20160524$lBLL01$h2240
=CAT  \\$aBATCH-UPD$b00$c20160525$lBLL01$h0447
=CAT  \\$aBATCH-UPD$b00$c20160824$lBLL01$h1857
=CAT  \\$aIPL-CLA$c20160930$lBLL01$h1607
=CAT  \\$aBATCH-UPD$b00$c20170216$lBLL01$h1942
=CAT  \\$aIPL-CLA$c20170331$lBLL01$h1847
=CAT  \\$aBATCH-UPD$b00$c20170904$lBLL01$h2005
=CAT  \\$aIPL-CLA$c20170929$lBLL01$h1732
=CAT  \\$aBATCH-UPD$b00$c20180223$lBLL01$h1902
=CAT  \\$aIPL-CLA$c20180331$lBLL01$h1623
=CAT  \\$aBATCH-UPD$b00$c20180524$lBLL01$h1756
=CAT  \\$aIPL-CLA$c20180630$lBLL01$h1918
=CFI  0\$aCurrent copyright fee: GBP19.00$c42\0$e01-jul-2018$fGBP19.00$g0$hP$5Uk
=CFI  2\$aPrevious copyright fee: GBP21.39$c42\0$e01-apr-2018$fGBP21.39$g0$hP$5Uk
=FFP  \\$aY$bBLDSS-3PM
=FIN  \\$aY$d20060130
=FMT  \\$a  BK
=LAS  \\$aIPL-CLA$b00$c20180630$lBLL01$h1918
=SID  \\$aZ39$bOCLC
=TCO  \\$aDEU$bVG WORT$c008
=UNO  \\$aY

