=LDR  05286cas a2201153 a 4500
=001  013430228
=003  Uk
=005  20230924111809.0
=007  ta
=008  060320c20059999cc\mr\p\\\\\\\0\\\a0eng\\
=022  \\$a1673-1581
=040  \\$aUk$beng$cUk$dUk
=082  04$a500$222
=210  0\$aJ. Zhejiang Univ. Sci. B$b(Print)
=222  \0$aJournal of Zhejiang University. Science B$b(Print)
=245  00$aJournal of Zhejiang University.$pScience.$nB :$ban international biomedicine & biotechnology journal.
=246  30$aScience. B
=246  1\$iAlso known as:$aJZUS-B
=260  \\$aHangzhou :$bZhejiang University Press,$c2005-
=260  3\$aHangzhou :$bZhejiang University Press ;$a[Berlin] :$bSpringer
=300  \\$av. :$bill. (some col.) ;$c29 cm.
=310  \\$aMonthly
=336  \\$atext$2rdacontent
=337  \\$aunmediated$2rdamedia
=338  \\$avolume$2rdacarrier
=362  0\$aVol. 6, no. 12 (Dec. 2005)-
=530  \\$aAlso issued online.
=540  \\$aCurrent copyright fee: GBP34.95$c22\1$5Uk
=595  \\$aComes with 13496929 and 15571446.
=650  \0$aLife sciences$vPeriodicals.
=650  \0$aBiology$vPeriodicals.
=650  \0$aBiotechnology$vPeriodicals.
=650  \0$aMedicine$vPeriodicals.
=710  2\$aZhejiang da xue.
=776  1\$tJournal of Zhejiang University. Science. B (Online)$x1862-1783
=780  01$tJournal of Zhejiang University. Science$x1009-3095
=787  0\$tJournal of Zhejiang University. Science C$x1869-1951
=852  41$aBritish Library$bDSC$j4918.150527$3Vol. 6, no. 12 (2005)-v. 11, no. 12 (2010)***UKRR Retained Title
=856  \\$31850-9999$uhttp://www.springer.com/gb/$xBLDSS
=945  \\$aJournal - Zhejiang University Science B
=959  \\$fHeld but not currently received
=979  \\$aBritish Library$bDSC$j4918.150527
=985  \\$aCorrected by MS generated file for WR# 12.018
=985  \\$aISSN is used on item but is not yet on portal, so no 222 added. MB 21.02.06.
=ACF  \\$aPrevious Copyright Fee: GBP17.14$c22\3$e23-jun-2006$fGBP17.14$g0$hP$5Uk
=ACF  \\$aPrevious copyright fee: GBP22.00$c22\3$e22-jun-2011$fGBP22.00$g0$hP$5Uk
=ACF  \\$aPrevious copyright fee: GBP22.00$c22\3$e12-aug-2012$fGBP22.00$g0$hP$5Uk
=ACF  \\$aPrevious copyright fee: GBP25.00$c22\3$e01-jan-2013$fGBP25.00$g0$hP$5Uk
=ACF  \\$aPrevious copyright fee: GBP25.77$c22\3$e01-jul-2013$fGBP25.77$g0$hP$5Uk
=ACF  \\$aPrevious copyright fee: GBP24.97$c22\3$e01-jan-2014$fGBP24.97$g0$hP$5Uk
=ACF  \\$aPrevious copyright fee: GBP24.21$c22\3$e01-jul-2014$fGBP24.21$g0$hP$5Uk
=ACF  \\$aPrevious copyright fee: GBP25.77$c22\3$e01-apr-2015$fGBP25.77$g0$hP$5Uk
=ACF  \\$aPrevious copyright fee: GBP26.63$c22\3$e01-jul-2015$fGBP26.63$g0$hP$5Uk
=ACF  \\$aPrevious copyright fee: GBP25.77$c22\3$e01-oct-2015$fGBP25.77$g0$hP$5Uk
=ACF  \\$aPrevious copyright fee: GBP27.55$c22\3$e01-apr-2016$fGBP27.55$g0$hP$5Uk
=ACF  \\$aPrevious copyright fee: GBP29.59$c22\3$e01-oct-2016$fGBP29.59$g0$hP$5Uk
=ACF  \\$aPrevious copyright fee: GBP31.96$c22\3$e01-apr-2017$fGBP31.96$g0$hP$5Uk
=ACF  \\$aPrevious copyright fee: GBP30.73$c22\3$e01-oct-2017$fGBP30.73$g0$hP$5Uk
=ACF  \\$aPrevious copyright fee: GBP28.54$c22\3$e01-apr-2018$fGBP28.54$g0$hP$5Uk
=ACF  \\$aPrevious copyright fee: GBP34.00$c22\1$e01-jul-2018$fGBP34.00$g0$hP$5Uk
=CAT  \\$a7174$b40$c20060320$lBLL01$h1540
=CAT  \\$aBATCH-UPD$b00$c20150219$lBLL01$h1743
=CAT  \\$aIPL-CLA$c20150331$lBLL01$h1643
=CAT  \\$aBATCH-UPD$b00$c20150520$lBLL01$h1750
=CAT  \\$aIPL-CLA$c20150630$lBLL01$h1650
=CAT  \\$aBATCH-UPD$b00$c20150820$lBLL01$h1837
=CAT  \\$aIPL-CLA$c20150930$lBLL01$h1812
=CAT  \\$aBATCH-UPD$b00$c20160217$lBLL01$h1727
=CAT  \\$aIPL-CLA$c20160331$lBLL01$h1733
=CAT  \\$aBATCH-UPD$b00$c20160413$lBLL01$h1820
=CAT  \\$aBATCH-UPD$b00$c20160524$lBLL01$h2210
=CAT  \\$aBATCH-UPD$b00$c20160525$lBLL01$h0023
=CAT  \\$aBATCH-UPD$b00$c20160824$lBLL01$h1755
=CAT  \\$aIPL-CLA$c20160930$lBLL01$h1607
=CAT  \\$aBATCH-UPD$b00$c20170216$lBLL01$h1843
=CAT  \\$aIPL-CLA$c20170331$lBLL01$h1848
=CAT  \\$aBATCH-UPD$b00$c20170904$lBLL01$h1852
=CAT  \\$aIPL-CLA$c20170929$lBLL01$h1732
=CAT  \\$aBATCH-UPD$b00$c20180223$lBLL01$h1721
=CAT  \\$aIPL-CLA$c20180331$lBLL01$h1624
=CAT  \\$aBATCH-UPD$b00$c20180524$lBLL01$h1714
=CAT  \\$aIPL-CLA$c20180630$lBLL01$h1918
=CAT  \\$a5552$b40$c20210819$lBLL01$h1108
=CAT  \\$aIPL-CLA$c20210930$lBLL01$h1528
=CAT  \\$aBATCH-UPD$b00$c20221121$lBLL01$h1411
=CAT  \\$aIPL-CLA$c20221231$lBLL01$h1447
=CAT  \\$a5410$b40$c20230924$lBLL01$h1117
=CAT  \\$a5410$b40$c20230924$lBLL01$h1118
=CFI  0\$aCurrent copyright fee: GBP34.95$c22\1$e01-jan-2023$fGBP34.95$g0$hP$5Uk
=CFI  2\$aPrevious copyright fee: GBP43.00$c22\1$e01-oct-2021$fGBP43.00$g0$hP$5Uk
=EST  \\$a2
=FFP  \\$aY$bBLDSS-3PM
=FIN  \\$aY$d20060321
=FMT  \\$a  SE
=LAS  \\$a5410$b40$c20230924$lBLL01$h1118
=LKR  \\$aPAR$b010487648$lBLL01$r78001$mJournal of Zhejiang University. Science B (Print)$nJournal of Zhejiang University. Science B (Online)
=TCO  \\$aZZZ$c008
=TOC  \\$aETOC
=UNO  \\$aY

