=LDR  04350 as a22009737a 4500
=001  013430701
=003  Uk
=005  20191231193901.0
=007  ta
=008  060321d2005200uenkuu\p\\\\\\\0\\\a0eng\\
=022  0\$y1744-4292
=040  \\$aUk$beng$cUk$dUk
=042  \\$aukblsr
=082  04$a572.8$223
=245  00$aMolecular systems biology.
=260  \\$aLondon :$bNature Pub. Group,$c2005-
=300  \\$av. :$bill. (some col.) ;$c28 cm.
=336  \\$atext$2rdacontent
=337  \\$aunmediated$2rdamedia
=338  \\$avolume$2rdacarrier
=362  1\$aBegan with inaugural collection (Oct. 2005). Ceased in 2007?
=500  \\$aCollection of articles originally published online.
=540  \\$aCurrent Copyright Fee: zero$c35\0$5Uk
=550  \\$aPublished by European Molecular Biology Organization and Nature Publishing Group.
=650  \0$aMolecular biology$vPeriodicals.
=650  \0$aSystems biology$vPeriodicals.
=710  2\$aEuropean Molecular Biology Organization.
=787  08$iOriginal online articles :$tMolecular systems biology$x1744-4292
=852  41$aBritish Library$bHMNTS$jZK.9.a.9887$32005-2007
=856  \\$31850-9999$uhttp://onlinelibrary.wiley.com/$xBLDSS
=945  \\$aMolecular systems biology.
=979  \\$aBritish Library$bDSC$j5900.856300
=985  \\$aISSN assigned to online journal only.
=ACF  \\$aPrevious Copyright Fee: GBP22.86$c0$e01-jul-2009$fGBP22.86$g0$hC$5Uk
=ACF  \\$aPrevious Copyright Fee: GBP22.86$c0$e01-apr-2009$fGBP22.86$g0$hC$5Uk
=ACF  \\$aPrevious Copyright Fee: GBP20.00$c0$e01-jan-2009$fGBP20.00$g0$hC$5Uk
=ACF  \\$aPrevious Copyright Fee: GBP16.00$c0$e01-oct-2008$fGBP16.00$g0$hC$5Uk
=ACF  \\$aPrevious Copyright Fee: GBP16.00$c0$e01-jul-2008$fGBP16.00$g0$hC$5Uk
=ACF  \\$aPrevious Copyright Fee: GBP16.00$c0$e01-apr-2008$fGBP16.00$g0$hC$5Uk
=ACF  \\$aPrevious Copyright Fee: GBP15.00$c0$e01-jan-2008$fGBP15.00$g0$hC$5Uk
=ACF  \\$aPrevious Copyright Fee: GBP15.00$c0$e01-oct-2007$fGBP15.00$g0$hC$5Uk
=ACF  \\$aPrevious Copyright Fee: GBP15.00$c0$e01-jul-2007$fGBP15.00$g0$hC$5Uk
=ACF  \\$aPrevious Copyright Fee: GBP15.38$c0$e01-apr-2007$fGBP15.38$g0$hC$5Uk
=ACF  \\$aPrevious Copyright Fee: GBP16.22$c0$e01-jan-2007$fGBP16.22$g0$hC$5Uk
=ACF  \\$aPrevious Copyright Fee: GBP16.22$c0$e01-oct-2006$fGBP16.22$g0$hC$5Uk
=ACF  \\$aPrevious copyright fee: GBP10.50$c0$e01-jan-2011$fGBP10.50$g0$hA$5Uk
=ACF  \\$aPrevious copyright fee: GBP12.00$c0$e01-jan-2012$fGBP12.00$g0$hA$5Uk
=ACF  \\$aPrevious copyright fee: GBP22.00$c35\0$e01-jan-2014$fGBP22.00$g0$hP$5Uk
=ACF  \\$aPrevious copyright fee: GBP24.00$c35\0$e01-mar-2015$fGBP24.00$g0$hP$5Uk
=CAT  \\$a6537$b40$c20060321$lBLL01$h1216
=CAT  \\$aBATCH-CLA$b00$c20090529$lBLL01$h1730
=CAT  \\$aBATCH-UPD$b00$c20090701$lBLL01$h2017
=CAT  \\$aBATCH-UPD$b00$c20090701$lBLL01$h2042
=CAT  \\$aBATCH$b00$c20090701$lBLL01$h2103
=CAT  \\$a8874$b40$c20100326$lBLL01$h1444
=CAT  \\$aBATCH-UPD$b40$c20101201$lBLL01$h1250
=CAT  \\$aIPL-CLA$c20101231$lBLL01$h1518
=CAT  \\$aWR11_203$c20111204$lBLL01$h1510
=CAT  \\$aIPL-CLA$c20111230$lBLL01$h2024
=CAT  \\$aBATCH-CLA$b00$c20121109$lBLL01$h1727
=CAT  \\$a7778$b40$c20130701$lBLL01$h1208
=CAT  \\$a5552$b40$c20131004$lBLL01$h1420
=CAT  \\$aIPL-CLA$c20140101$lBLL01$h0001
=CAT  \\$a8124$b40$c20140115$lBLL01$h1428
=CAT  \\$aWR14_140$c20140905$lBLL01$h1811
=CAT  \\$aBLDSS-3PM$b00$c20141214$lBLL01$h1523
=CAT  \\$aBATCH-UPD$b00$c20150215$lBLL01$h1657
=CAT  \\$aIPL-CLA$c20150228$lBLL01$h2050
=CAT  \\$aBATCH-UPD$b00$c20160413$lBLL01$h1820
=CAT  \\$a5552$b40$c20170327$lBLL01$h1355
=CAT  \\$aBATCH-UPD$b40$c20180219$lBLL01$h1748
=CAT  \\$aBATCH-UPD$b40$c20181121$lBLL01$h1622
=CAT  \\$aIPL-CLA$c20181231$lBLL01$h1544
=CAT  \\$aR1911-0245$c20191127$lBLL01$h1037
=CAT  \\$aIPL-CLA$c20191231$lBLL01$h1939
=CFI  0\$aCurrent Copyright Fee: zero$c35\0$e01-jan-2020$fGBP0.00$g0$hP$5Uk
=CFI  2\$aPrevious copyright fee: GBP28.00$c35\0$e01-jan-2019$fGBP28.00$g0$hP$5Uk
=FFP  \\$aY$bBLDSS-3PM
=FIN  \\$aY$d20060321
=FMT  \\$a  SE
=LAS  \\$aIPL-CLA$b00$c20191231$lBLL01$h1939
=TCO  \\$aCLA$bCLA$c008
=TOC  \\$aETOC
=UNO  \\$aY

