=LDR  03940cas a22009737a 4500
=001  013433393
=003  Uk
=005  20230511162909.0
=007  ta
=008  040830c20049999ch\qr\p\\\\\\\0\\\a0eng\d
=010  \\$a2005252373
=022  \\$a1727-7191
=040  \\$aNTU$beng$cNTU$dEYM$dWAU$dOCL$dUk
=042  \\$alcd
=050  14$aQA801$b.C54
=082  04$a620.1005$223
=210  0\$aJ. mech.$b(Print)
=222  \0$aJournal of mechanics$b(Print)
=245  00$aJournal of mechanics =$bLi xue.
=246  31$aLi xue
=260  \\$aTaipei :$bSociety of Theoretical and Applied Mechanics, R.O.C.,$cc2004-
=300  \\$av. :$bill. ;$c30 cm.
=310  \\$aQuarterly
=336  \\$atext$2rdacontent
=337  \\$aunmediated$2rdamedia
=338  \\$avolume$2rdacarrier
=362  0\$aVol. 20, no. 1 (Mar. 2004)-
=500  \\$aTitle from cover.
=500  \\$aLatest issue consulted: Vol. 21, no. 1 (Mar. 2005).
=540  \\$aCurrent Copyright Fee: zero$c29\0$5Uk
=650  \0$aMechanics, Analytic$vPeriodicals.
=650  \0$aMechanics$vPeriodicals.
=710  2\$aZhonghua Minguo li xue xue hui.
=776  0\$tJournal of mechanics (Online)$x1811-8216
=780  00$tChinese journal of mechanics. Series A$x1680-0893
=852  41$aBritish Library$bDSC$j5015.950000$3Vol. 20, no. 2 (2004)-v. 26, no. 4 (2010)
=856  \\$31850-9999$uhttp://www.oxfordjournals.org/$xBLDSS
=945  \\$aJournal of mechanics -Taiwan-
=959  \\$fHeld but not currently received
=985  \\$aPrint copy claimed from OUP to facilitate ISSN transfer from IC to UK (Richard, 15/11/21)
=ACF  \\$aPrevious Copyright Fee: GBP17.50$c0$e01-apr-2019$fGBP17.50$g0$hA$5Uk
=ACF  \\$aPrevious copyright fee: GBP9.00$c0$e01-apr-2010$fGBP9.00$g0$hA$5Uk
=ACF  \\$aPrevious copyright fee: GBP6.00$c0$e01-apr-2008$fGBP6.00$g0$hA$5Uk
=ACF  \\$aPrevious Copyright Fee: GBP5.00$c0$e20-jun-2006$fGBP5.00$g0$hA$5Uk
=ACF  \\$aCurrent copyright fee: GBP10.50$c0$e01-jan-2011$fGBP10.50$g0$hA$5Uk
=ACF  \\$aPrevious copyright fee: GBP30.00$c43\0$e18-feb-2011$fGBP30.00$g0$hP$5Uk
=CAT  \\$a8874$b40$c20060323$lBLL01$h0938
=CAT  \\$aBATCH-UPD$b00$c20100331$lBLL01$h2339
=CAT  \\$aBATCH-UPD$b00$c20100401$lBLL01$h0256
=CAT  \\$aBATCH$b00$c20100401$lBLL01$h0600
=CAT  \\$aBATCH$b00$c20100401$lBLL01$h1632
=CAT  \\$aBATCH-UPD$b00$c20101124$lBLL01$h1947
=CAT  \\$aBATCH-UPD$b00$c20101125$lBLL01$h1213
=CAT  \\$aIPL-CLA$c20101231$lBLL01$h1518
=CAT  \\$a11385$b40$c20110110$lBLL01$h1344
=CAT  \\$a5552$b40$c20110218$lBLL01$h1419
=CAT  \\$aBATCH-UPD$b40$c20121105$lBLL01$h1136
=CAT  \\$aBATCH-CLA$b00$c20121109$lBLL01$h1727
=CAT  \\$a11316$b40$c20140117$lBLL01$h1148
=CAT  \\$aBLDSS-3PM$b00$c20141208$lBLL01$h1625
=CAT  \\$aBATCH-UPD$b00$c20160413$lBLL01$h1820
=CAT  \\$aW1902-1304$c20190314$lBLL01$h1239
=CAT  \\$aBATCH-UPD$b00$c20190314$lBLL01$h1618
=CAT  \\$aIPL-CLA$c20190331$lBLL01$h1726
=CAT  \\$aDEL-3PM$c20190409$lBLL01$h0905
=CAT  \\$aBATCH-CLA$b00$c20190531$lBLL01$h1624
=CAT  \\$aIPL-CLA$c20190630$lBLL01$h1536
=CAT  \\$a5552$b40$c20210215$lBLL01$h1344
=CAT  \\$aBLDSS-3PM$b00$c20210224$lBLL01$h1135
=CAT  \\$aBATCH-UPD$b00$c20210224$lBLL01$h1136
=CAT  \\$a10806$b40$c20211115$lBLL01$h1317
=CAT  \\$aBATCH-SUPP$c20230426$lBLL01$h1108
=CAT  \\$aBATCH-FIX$c20230511$lBLL01$h1629
=CFI  0\$aCurrent Copyright Fee: zero$c29\0$e15-feb-2021$fGBP0.00$g0$hP$5Uk
=CFI  2\$aPrevious Copyright Fee: GBP30.00$c0$e01-jul-2019$fGBP30.00$g0$hC$5Uk
=FFP  \\$aY$bBLDSS-3PM
=FIN  \\$aY$d20060323
=FMT  \\$a  SE
=LAS  \\$aBATCH-FIX$b00$c20230511$lBLL01$h1629
=LKR  \\$aPAR$b012391681$lBLL01$r78000$mJournal of mechanics (Print)$nThe Chinese journal of mechanics. Series A
=SID  \\$aZ39$bOCLC
=TCO  \\$aXXX$c008
=TOC  \\$aETOC
=UNO  \\$aY

