=LDR  04020cas a22008893a 4500
=001  013442247
=003  Uk
=005  20210324084014.0
=008  060404c20059999xxuuu|p\\\\\\\1\\\a0eng\\
=022  \\$a1938-5862
=040  \\$aUk$beng$cUk$dUk
=222  \0$aECS transactions$b(Print)
=245  00$aECS transactions.
=246  1\$aElectrochemical Society transactions
=260  \\$aPennington :$bThe Electrochemical Society,$c2005-
=336  \\$atext$2rdacontent
=337  \\$aunmediated$2rdamedia
=338  \\$avolume$2rdacarrier
=540  \\$aCurrent copyright fee: GBP30.00$c46\0$5Uk
=595  \\$aSee also Conference Index.
=776  08$iOnline version :$tECS transactions$x1938-6737
=780  00$tProceedings (Electrochemical Society PV)
=852  \\$aBritish Library$bDSC$j3659.633050$3v 1, no. 1 (2005)-
=856  \\$31850-9999$uhttp://www.electrochem.org/$xBLDSS
=945  \\$aECS transactions
=959  \\$fCurrently received
=985  \\$aISSN transfer from U.S. to UK in progress (Richard, 24/03/21)
=ACF  \\$aPrevious copyright fee: GBP15.00$c46\0$e01-jul-2011$fGBP15.00$g0$hP$5Uk
=ACF  \\$aPrevious copyright fee: GBP15.48$c46\0$e01-jul-2010$fGBP15.48$g0$hP$5Uk
=ACF  \\$aPrevious copyright fee: GBP14.55$c46\0$e01-jan-2010$fGBP14.55$g0$hP$5Uk
=ACF  \\$aPrevious Copyright Fee: GBP13.80$c0$e01-oct-2009$fGBP13.80$g0$hC$5Uk
=ACF  \\$aPrevious Copyright Fee: GBP16.43$c0$e01-jul-2009$fGBP16.43$g0$hC$5Uk
=ACF  \\$aPrevious Copyright Fee: GBP16.43$c0$e01-apr-2009$fGBP16.43$g0$hC$5Uk
=ACF  \\$aPrevious Copyright Fee: GBP14.38$c0$e01-jan-2009$fGBP14.38$g0$hC$5Uk
=ACF  \\$aPrevious copyright fee: GBP6.00$c0$e01-apr-2008$fGBP6.00$g0$hA$5Uk
=ACF  \\$aPrevious Copyright Fee: GBP5.00$c0$e04-apr-2006$fGBP5.00$g0$hA$5Uk
=ACF  \\$aPrevious copyright fee: GBP15.48$c46\0$e01-jan-2012$fGBP15.48$g0$hP$5Uk
=ACF  \\$aPrevious copyright fee: GBP14.55$c46\0$e01-jul-2012$fGBP14.55$g0$hP$5Uk
=ACF  \\$aPrevious copyright fee: GBP15.00$c46\0$e01-jan-2013$fGBP15.00$g0$hP$5Uk
=ACF  \\$aPrevious copyright fee: GBP15.48$c46\0$e01-jul-2013$fGBP15.48$g0$hP$5Uk
=ACF  \\$aPrevious copyright fee: GBP15.00$c46\0$e01-jan-2014$fGBP15.00$g0$hP$5Uk
=ACF  \\$aPrevious copyright fee: GBP14.55$c46\0$e01-jul-2014$fGBP14.55$g0$hP$5Uk
=CAT  \\$a5466$b40$c20060404$lBLL01$h1456
=CAT  \\$aBATCH-UPD$b00$c20111123$lBLL01$h1848
=CAT  \\$aIPL-CLA$c20111230$lBLL01$h2024
=CAT  \\$aBATCH-UPD$b00$c20120518$lBLL01$h1724
=CAT  \\$aIPL-CLA$c20120629$lBLL01$h1036
=CAT  \\$aBATCH-CLA$b00$c20121109$lBLL01$h1727
=CAT  \\$aBATCH-UPD$b00$c20121121$lBLL01$h1650
=CAT  \\$aIPL-CLA$c20121231$lBLL01$h1319
=CAT  \\$aIPL-CLA$c20130102$lBLL01$h1745
=CAT  \\$aBATCH-UPD$b00$c20130522$lBLL01$h1752
=CAT  \\$aIPL-CLA$c20130701$lBLL01$h0058
=CAT  \\$aBATCH-UPD$b00$c20131119$lBLL01$h2234
=CAT  \\$aIPL-CLA$c20140101$lBLL01$h0002
=CAT  \\$aBATCH-UPD$b00$c20140527$lBLL01$h2258
=CAT  \\$aBATCH-CLA$c20140528$lBLL01$h1743
=CAT  \\$aIPL-CLA$c20140630$lBLL01$h1727
=CAT  \\$aBLDSS-3PM$b00$c20150131$lBLL01$h2312
=CAT  \\$aBATCH-UPD$b00$c20150219$lBLL01$h1946
=CAT  \\$aIPL-CLA$c20150331$lBLL01$h1644
=CAT  \\$a5410$b40$c20150615$lBLL01$h1614
=CAT  \\$aBATCH-UPD$b40$c20160524$lBLL01$h2240
=CAT  \\$aBATCH-UPD$b40$c20160525$lBLL01$h0448
=CAT  \\$aBATCH-UPD$b40$c20200219$lBLL01$h1552
=CAT  \\$aIPL-CLA$c20200331$lBLL01$h1616
=CAT  \\$a3072$b40$c20210323$lBLL01$h1422
=CAT  \\$a10806$b40$c20210324$lBLL01$h0840
=CFI  0\$aCurrent copyright fee: GBP30.00$c46\0$e01-apr-2020$fGBP30.00$g0$hP$5Uk
=CFI  2\$aPrevious copyright fee: GBP23.00$c46\0$e01-apr-2015$fGBP23.00$g0$hP$5Uk
=FFP  \\$aY$bBLDSS-3PM
=FMT  \\$a  SE
=LAS  \\$a10806$b40$c20210324$lBLL01$h0840
=LKR  \\$aPAR$b007871889$lBLL01$nProceedings$mECS transactions.$r78000
=TCO  \\$aTRS$bCCC$c008
=TOC  \\$aETOC
=UNO  \\$aY

