=LDR  03239caa a22007217a 4500
=001  013446061
=003  Uk
=005  20230930110833.0
=008  060410s2006\\\\xxu\\\\\\\\\\\100\0\eng\\
=040  \\$aUk$beng$cUk
=245  00$aProceedings of the 15th International conference on oral chelation (ICOC) in the treatment of thalassaemia and other diseases.
=260  \\$bTaylor & Francis,$c2006.
=300  \\$a2 v.
=336  \\$atext$2rdacontent
=337  \\$aunmediated$2rdamedia
=338  \\$avolume$2rdacarrier
=540  \\$aCurrent copyright fee: GBP46.00$c2\0$5Uk
=591  \\$aPapers and report.
=653  1\$aOral chelation
=653  1\$aThalassaemia
=852  71$aBritish Library$bSTI$k(P)$hEX 74$m-E(2)$2blsrissc
=852  41$aBritish Library$bDSC$j4295.040000
=856  \\$31850-9999$uhttp://informahealthcare.com$xBLDSS
=985  \\$aHemoglobin, ISSN 0363-0269 ; vol 30 no 1/2 2006
=ACF  \\$aPrevious copyright fee: GBP29.00$c45\0$e10-nov-2009$fGBP29.00$g0$hP$5Uk
=ACF  \\$aPrevious copyright fee: GBP33.00$c45\0$e01-apr-2015$fGBP33.00$g0$hP$5Uk
=ACF  \\$aPrevious copyright fee: GBP34.00$c45\0$e01-jan-2016$fGBP34.00$g0$hP$5Uk
=ACF  \\$aPrevious copyright fee: GBP38.00$c45\0$e01-jan-2018$fGBP38.00$g0$hP$5Uk
=CAT  \\$a7153$b40$c20060410$lBLL01$h0912
=CAT  \\$aBATCH-CLA$b00$c20150210$lBLL01$h0039
=CAT  \\$aIPL-CLA$c20150331$lBLL01$h1644
=CAT  \\$aBATCH-UPD$b00$c20151119$lBLL01$h1559
=CAT  \\$aIPL-CLA$c20151231$lBLL01$h1924
=CAT  \\$aBATCH-UPD$b00$c20160524$lBLL01$h2148
=CAT  \\$aBATCH-UPD$b00$c20160524$lBLL01$h2155
=CAT  \\$aBATCH-UPD$b00$c20161122$lBLL01$h1538
=CAT  \\$aIPL-CLA$c20161230$lBLL01$h2155
=CAT  \\$aBATCH-UPD$b00$c20171121$lBLL01$h1718
=CAT  \\$aIPL-CLA$c20171231$lBLL01$h1653
=CAT  \\$aBATCH-UPD$b00$c20181217$lBLL01$h1705
=CAT  \\$aBATCH-CLA$b00$c20181218$lBLL01$h0117
=CAT  \\$aBATCH-CLA$b00$c20181218$lBLL01$h0139
=CAT  \\$aIPL-CLA$c20181231$lBLL01$h1544
=CAT  \\$aBATCH-UPD$b00$c20210126$lBLL01$h1323
=CAT  \\$aIPL-CLA$c20210126$lBLL01$h1458
=CAT  \\$aBATCH-CLA$b00$c20210127$lBLL01$h0150
=CAT  \\$aBATCH-UPD$b00$c20221121$lBLL01$h1423
=CAT  \\$aBATCH-CLA$b00$c20221122$lBLL01$h0152
=CAT  \\$aBATCH-CLA$b00$c20221122$lBLL01$h0238
=CAT  \\$aIPL-CLA$c20221231$lBLL01$h2121
=CAT  \\$aR2308-1440$c20230824$lBLL01$h0928
=CAT  \\$aBATCH-CLA$b00$c20230825$lBLL01$h0110
=CAT  \\$aBATCH-CLA$b00$c20230825$lBLL01$h0117
=CAT  \\$aIPL-CLA$c20230930$lBLL01$h1108
=CFI  0\$aCurrent copyright fee: GBP46.00$c2\0$e01-oct-2023$fGBP46.00$g0$hP$5Uk
=CFI  2\$aPrevious copyright fee: GBP46.00$c45\0$e01-jan-2023$fGBP46.00$g0$hP$5Uk
=CNF  \\$aInternational conference on oral chelation (ICOC) in the treatment of thalassaemia and other diseases$n(15th :$d2005 Apr :$cTaichung, Taiwan)
=FFP  \\$aY$bBLDSS-3PM
=FIN  \\$aY$d20060410
=FMT  \\$a  BK
=LAS  \\$aIPL-CLA$b00$c20230930$lBLL01$h1108
=LKR  \\$aANA$b009201599$r773$lBLL01$nHemoglobin.$mProceedings of the 15th International conference on oral chelation (ICOC) in the treatment of thalassaemia and other diseases$y2006$v30$i1
=TCO  \\$aCLA$bCLA$c008

