=LDR  05196cas a2201189 a 4500
=001  013452464
=003  Uk
=005  20230511162911.0
=006  m\\\\\\\\d\\\\\\\\
=007  cr\cn|||||||||
=008  050401c20069999enkuu\pso\\\\\0\\\a0eng\c
=010  \\$a2005212234
=015  \\$aGBB350895$2bnb
=016  7\$a101286760$2DNLM
=016  7\$a2222967-X$2DE-600
=022  0\$a1555-4317$l1555-4309$y1555-4309$21
=035  \\$a(OCoLC)58749692$z(OCoLC)252534278
=037  \\$aISSN_15554309$bPortico$nWiley
=037  3\$aISSN_15554309_33$bPortico$nHindawi
=040  \\$aNSD$cNSD$dMUQ$dSBH$dNSD$dNLM$dUQ1$dLGG$dDLC$dOCLCQ$dHEBIS$dVRC$dUk
=042  \\$aukblsr
=050  14$aRC78.7.C65$bC663
=060  10$aW1
=082  04$a616.0754$223
=130  0\$aContrast media and molecular imaging (Online)
=210  10$aContrast media mol. imaging$b(Online)
=222  \0$aContrast media and molecular imaging$b(Online)
=245  10$aContrast media & molecular imaging$h[electronic resource].
=246  3\$aContrast media and molecular imaging
=246  3\$aCMMI
=260  \\$a[Hoboken, NJ] :$bJohn Wiley & Sons,$cc2006-
=264  31$32017-$aLondon :$b[Published by Hindawi as part of a publishing collaboration with John Wiley & Sons, Inc.]
=336  \\$atext$2rdacontent
=337  \\$acomputer$2rdamedia
=338  \\$aonline resource$2rdacarrier
=362  0\$aVol. 1, issue 1 (Jan./Feb. 2006)-
=530  \\$aAlso issued in print.
=540  \\$aCurrent copyright fee: zero$c0$5Uk
=588  \\$aTitle from product information screen (Wiley Interscience, viewed Nov. 20, 2006).
=588  \\$aLatest issue consulted: volume 2017, article ID 9307292 (Hindawi website, viewed June 18, 2019).
=650  \0$aDiagnostic imaging$vPeriodicals.
=650  \0$aMagnetic resonance imaging$vPeriodicals.
=650  \0$aContrast media (Diagnostic imaging)$vPeriodicals.
=650  12$aContrast Media$vPeriodicals.
=650  22$aDiagnostic Imaging$vPeriodicals.
=650  \6$aSubstances de contraste$vPériodiques.
=650  \6$aDiagnostics moléculaires$vPériodiques.
=650  \7$aImagerie médicale$2rasuqam
=650  \7$aSubstance de contraste$2rasuqam
=655  \7$aPériodique électronique (Descripteur de forme)$2rasuqam
=655  \7$aRessource Internet (Descripteur de forme)$2rasuqam
=776  1\$tContrast media and molecular imaging$x1555-4309
=852  \\$aBritish Library$bDSC$j3426.351450$3Volume 1:Issue 1(2006)-Volume 6:Issue 6(2011)***See ESTAR for full holdings.
=852  41$aBritish Library$bHMNTS$jELD Digital store$3Volume 8:Number 1(2013:Jan./Feb.)-***previous issues available in print copy only
=856  \\$31850-9999$uhttp://onlinelibrary.wiley.com/$xBLDSS
=856  40$3-2016$uhttps://onlinelibrary.wiley.com/journal/15554317
=856  40$32017-$uhttps://www.hindawi.com/journals/cmmi/
=859  \\$aELD$bejournal
=945  \\$aContrast media and molecular imaging
=959  \\$fHeld but not currently received
=985  \\$aISSN transfer from U.S. to UK pending (Richard, 18/06/19)
=ACF  \\$aPrevious copyright fee: GBP28.00$c35\0$e01-jan-2019$fGBP28.00$g0$hP$5Uk
=ACF  \\$aPrevious copyright fee: GBP24.00$c35\0$e01-mar-2015$fGBP24.00$g0$hP$5Uk
=ACF  \\$aPrevious Copyright Fee: GBP17.00$c35\0$e21-apr-2006$fGBP17.00$g0$hP$5Uk
=ACF  \\$aPrevious copyright fee: GBP22.00$c35\0$e01-jan-2011$fGBP22.00$g0$hP$5Uk
=CAT  \\$a7174$b40$c20060421$lBLL01$h1045
=CAT  \\$aIPL-CLA$c20101231$lBLL01$h1519
=CAT  \\$aCDS12-UPD$b40$c20120402$lBLL01$h1434
=CAT  \\$a8124$b40$c20121002$lBLL01$h1200
=CAT  \\$a8124$b40$c20121002$lBLL01$h1202
=CAT  \\$a8124$b40$c20121002$lBLL01$h1203
=CAT  \\$a8456$b40$c20130524$lBLL01$h1027
=CAT  \\$aWR13.114$c20130717$lBLL01$h1313
=CAT  \\$aBATCH-PORT$c20130829$lBLL01$h1113
=CAT  \\$aWR14_009$c20140204$lBLL01$h2343
=CAT  \\$aBLDSS-3PM$b00$c20141214$lBLL01$h1523
=CAT  \\$aBATCH-UPD$b00$c20150215$lBLL01$h1657
=CAT  \\$aIPL-CLA$c20150228$lBLL01$h2050
=CAT  \\$aBATCH-UPD$b00$c20160526$lBLL01$h1522
=CAT  \\$aW1711-1005$c20171206$lBLL01$h1819
=CAT  \\$aBATCH-UPD$b00$c20180219$lBLL01$h1748
=CAT  \\$aBATCH-UPD$b00$c20181121$lBLL01$h1622
=CAT  \\$aIPL-CLA$c20181231$lBLL01$h1544
=CAT  \\$a5552$b40$c20190610$lBLL01$h1425
=CAT  \\$a14586$b40$c20190612$lBLL01$h1747
=CAT  \\$a14586$b40$c20190612$lBLL01$h1751
=CAT  \\$a10969$b40$c20190618$lBLL01$h1407
=CAT  \\$a10969$b40$c20190618$lBLL01$h1413
=CAT  \\$a10969$b40$c20190618$lBLL01$h1607
=CAT  \\$a5552$b40$c20191104$lBLL01$h0938
=CAT  \\$aBATCH-FIX$c20230511$lBLL01$h1629
=CFI  0\$aCurrent copyright fee: zero$c0$e04-nov-2019$fGBP0.00$g0$hZ$5Uk
=CFI  2\$aPrevious copyright fee: zero$c35\0$e10-jun-2019$fGBP0.00$g0$hP$5Uk
=EST  \\$a1
=FIN  \\$aY$d20121002
=FMT  \\$a  SE
=LAS  \\$aBATCH-FIX$b00$c20230511$lBLL01$h1629
=LKR  \\$aPAR$b014539111$lBLL01$r776$mContrast media and molecular imaging (Online)$nContrast media & molecular imaging (Print)
=MNI  \\$a1555-4309
=SID  \\$aZ39$bOCLC
=TCO  \\$aCLA$bCLA$c008
=TOC  \\$aETOC

