=LDR  05736cas a2201273 a 4500
=001  013463677
=003  Uk
=005  20230505122936.0
=006  m\\\\\\\\d\\\\\\\\
=007  cr\cn|||||||||
=008  031216c19869999enkbx\pso\\\\\0\\\a0eng\d
=010  \\$a2007242075
=015  \\$aGBB350691$2bnb
=022  \\$a1444-0938
=035  \\$a(OCoLC)53911078$z(OCoLC)55014447
=037  \\$aISSN_08164622$bPortico$nWiley
=037  3\$aISSN_14440938_21$bPortico$nTaylor & Francis
=040  \\$aOUN$cOUN$dOCLCQ$dCGU$dOCLCQ$dYUH$dOCL$dMUQ$dMYG$dUk
=042  \\$aukblsr
=050  14$aRE1$b.A93
=082  04$a617.75$223
=130  0\$aClinical & experimental optometry (Online)
=222  \0$aClinical and experimental optometry$b(Online)
=245  10$aClinical & experimental optometry$h[electronic resource].
=246  13$aClinical and experimental optometry
=247  10$aAustralian journal of optometry$f<-1985>
=260  \\$a[Carlton, Victoria] :$bOptometrists Association Australia
=260  2\$a[S.l.] :$bWiley-Blackwell
=264  21$a[Singapore?] :$bJohn Wiley & Sons
=264  31$aLondon :$bTaylor & Francis Group
=310  \\$aEight times a year
=321  \\$aBimonthly
=336  \\$atext$2rdacontent
=337  \\$acomputer$2rdamedia
=338  \\$aonline resource$2rdacarrier
=362  1\$aPrint began with: Vol. 69, no. 1 (Jan. 1986).
=530  \\$aAlso issued in print.
=538  \\$aMode of access: World Wide Web.
=540  \\$aCurrent Copyright Fee: GBP32.00$c35\0$5Uk
=550  \\$aJournal of: Optometry Australia [formerly Optometrists Association Australia; Australian Optometric Association]; New Zealand Association of Optometrists, Inc.; The Hong Kong Society of Professional Optometrists.
=580  \\$aIncludes issues of earlier title: Australian journal of optometry.
=588  \\$aDescription based on: Vol. 89, no. 1 (Jan. 2006); title from title screen (Blackwell-Synergy, viewed Feb. 27, 2007).
=588  \\$aLatest issue consulted: volume 105, issue 7 (2022); Taylor & Francis Online, viewed October 4, 2022.
=650  \0$aOptometry$vPeriodicals.
=650  \0$aOptometrists$xServices for$zAustralia$vPeriodicals.
=650  \2$aOptometry$vPeriodicals.
=650  \6$aOptométrie$vPériodiques.
=710  2\$aOptometrists Association Australia.
=710  2\$aNew Zealand Association of Optometrists.
=710  2\$aAustralian Optometrical Association.
=710  2\$aOptometry Australia.
=776  1\$tClinical & experimental optometry$x0816-4622
=780  00$tAustralian journal of optometry
=852  41$aBritish Library$bSTI$jELD Digital store$3Volume 96:Number 1(2013:Jan.)-
=852  \\$aBritish Library$bDSC$j3286.251940$3Volume 72:Issue 6(1989)-Volume 101:Issue 2(2018)***See ESTAR for full holdings.
=856  \\$31850-9999$uhttp://onlinelibrary.wiley.com/$xBLDSS
=856  40$uhttp://www.blackwell-synergy.com/loi/cxo
=856  40$uhttp://onlinelibrary.wiley.com/journal/10.1111/(ISSN)1444-0938$zIncludes issues of earlier title: Australian journal of optometry (Online)
=856  40$uhttps://www.tandfonline.com/toc/tceo20/current
=859  \\$aELD$bejournal
=945  \\$aClinical and experimental optometry
=959  \\$fHeld but not currently received
=979  \\$aBritish Library$bDSC$j3286.251940
=985  \\$a780 is for c/t from online version but no way to express this & has no ISSN.
=985  \\$aCONFERENCE ANALYTIC RECORDS EXIST
=ACF  \\$aPrevious Copyright Fee: GBP16.00$c10\0$e09-may-2006$fGBP16.00$g0$hP$5Uk
=ACF  \\$aPrevious copyright fee: GBP17.00$c10\0$e01-jan-2009$fGBP17.00$g0$hP$5Uk
=ACF  \\$aPrevious copyright fee: GBP22.00$c10\0$e01-jan-2011$fGBP22.00$g0$hP$5Uk
=ACF  \\$aPrevious copyright fee: GBP24.00$c10\0$e01-mar-2015$fGBP24.00$g0$hP$5Uk
=ACF  \\$aPrevious copyright fee: GBP24.00$c35\0$e07-mar-2017$fGBP24.00$g0$hP$5Uk
=CAT  \\$a7174$b40$c20060509$lBLL01$h1159
=CAT  \\$aBATCH-CLA$b00$c20140125$lBLL01$h1258
=CAT  \\$aWR14_009$c20140204$lBLL01$h2343
=CAT  \\$aBATCH-CLA$c20140225$lBLL01$h2327
=CAT  \\$aBLDSS-3PM$b00$c20141214$lBLL01$h1523
=CAT  \\$aBATCH-UPD$b00$c20150215$lBLL01$h1627
=CAT  \\$aIPL-CLA$c20150228$lBLL01$h2050
=CAT  \\$aBATCH-UPD$b00$c20160517$lBLL01$h1803
=CAT  \\$a6550$b40$c20161027$lBLL01$h1037
=CAT  \\$aW1703-0316$c20170306$lBLL01$h1825
=CAT  \\$aW1703-0316$c20170307$lBLL01$h1648
=CAT  \\$aIPL-CLA$c20170307$lBLL01$h1824
=CAT  \\$aW1711-1005$c20171206$lBLL01$h1819
=CAT  \\$aBATCH-UPD$b00$c20180219$lBLL01$h1748
=CAT  \\$aW1805-0471$c20180520$lBLL01$h1139
=CAT  \\$aBATCH-UPD$b00$c20181121$lBLL01$h1622
=CAT  \\$aIPL-CLA$c20181231$lBLL01$h1544
=CAT  \\$aR1911-0245$c20191127$lBLL01$h0823
=CAT  \\$aR1911-0245$c20191127$lBLL01$h1045
=CAT  \\$aIPL-CLA$c20191231$lBLL01$h1939
=CAT  \\$a14412$b40$c20221003$lBLL01$h0929
=CAT  \\$a11205$b40$c20221004$lBLL01$h1134
=CAT  \\$a8871$b40$c20221012$lBLL01$h1243
=CAT  \\$a11205$b40$c20221012$lBLL01$h1337
=CAT  \\$a5410$b40$c20221118$lBLL01$h1523
=CAT  \\$a14586$b40$c20230505$lBLL01$h1229
=CFI  0\$aCurrent Copyright Fee: GBP32.00$c35\0$e01-jan-2020$fGBP32.00$g0$hP$5Uk
=CFI  2\$aPrevious copyright fee: GBP28.00$c35\0$e01-jan-2019$fGBP28.00$g0$hP$5Uk
=EST  \\$a1
=FFP  \\$aY$bBLDSS-3PM
=FIN  \\$aY$d20120904
=FMT  \\$a  SE
=LAS  \\$a14586$b40$c20230505$lBLL01$h1229
=LKR  \\$aPAR$b008883591$lBLL01$r776$mClinical and experimental optometry (Online)$nClinical and experimental optometry (Print)
=MNI  \\$a0816-4622
=SID  \\$aZ39$bOCLC
=TCO  \\$aAUS$bCAL$c008
=TOC  \\$aETOC
=UNO  \\$aY

