=LDR  03926cas a22008777a 4500
=001  013473265
=003  Uk
=005  20230511162913.0
=007  ta
=008  060519c20039999ko\fr\p\\\\\\\0\\\a0eng\\
=022  \\$a1738-2122
=040  \\$aUk$beng$cUk$dUk
=041  0\$aeng$akor$beng
=082  04$a382.05$222
=222  \0$aJournal of international logistics and trade
=245  00$aJournal of international logistics and trade.
=260  \\$aIncheon :$bJungseok Research Institute of International Logistics and Trade,$c2003-
=300  \\$av. :$bill., maps ;$c26 cm.
=310  \\$aTwo issues yearly
=336  \\$atext$2rdacontent
=337  \\$aunmediated$2rdamedia
=338  \\$avolume$2rdacarrier
=362  0\$aVol. 1, no. 1 (Dec. 2003)-
=540  \\$aCurrent copyright fee: GBP30.00$c25\0$5Uk
=595  \\$aSee also card index
=650  \0$aInternational trade$vPeriodicals.
=650  \0$aBusiness logistics$vPeriodicals.
=650  \0$aPhysical distribution of goods$vPeriodicals.
=651  \0$aEast Asia$xForeign economic relations$vPeriodicals.
=690  7\$aManagement and Business Studies$2blcoll
=710  2\$aJungseok Research Institute of International Logistics and Trade.
=776  08$iAlso issued online as:$tJournal of international logistics and trade$x2508-7592
=852  41$aBritish Library$bDSC$j5007.673180$3Volume 1, Number 1 (2003)-Volume 7, Number 2 (2009)
=856  \\$31850-9999$uhttp://www.emeraldinsight.com/$xBLDSS
=945  \\$aJournal of international logistics and trade
=959  \\$fHeld but not currently received
=985  \\$aISSN UK Centre: online format version transferred to Emerald publishing in 2022, they have confirmed they are only publishing online. Unclear if print still being published by the Research Institute so print record left as current, ISSN Korea will update Portal as ceased if they can confirm. 2/2/23 DLW.
=ACF  \\$aPrevious copyright fee: GBP10.50$c0$e01-jan-2011$fGBP10.50$g0$hA$5Uk
=ACF  \\$aPrevious copyright fee: GBP9.00$c0$e01-apr-2010$fGBP9.00$g0$hA$5Uk
=ACF  \\$aPrevious copyright fee: GBP6.00$c0$e01-apr-2008$fGBP6.00$g0$hA$5Uk
=ACF  \\$aPrevious copyright fee: GBP5.00$c0$e19-may-2006$fGBP5.00$g0$hA$5Uk
=CAT  \\$a6810$b40$c20060519$lBLL01$h1606
=CAT  \\$aBATCH-UPD$b40$c20080223$lBLL01$h2158
=CAT  \\$aBATCH-UPD$b40$c20080226$lBLL01$h0109
=CAT  \\$aBATCH-UPD$b40$c20080330$lBLL01$h0813
=CAT  \\$aBATCH-UPD$b40$c20080330$lBLL01$h1608
=CAT  \\$aBATCH$b00$c20080330$lBLL01$h2308
=CAT  \\$aBATCH$b00$c20090624$lBLL01$h1714
=CAT  \\$aCDS08-UPD$b40$c20090804$lBLL01$h1921
=CAT  \\$aBATCH-UPD$b40$c20100226$lBLL01$h0146
=CAT  \\$aBATCH-UPD$b40$c20100331$lBLL01$h2340
=CAT  \\$aBATCH-UPD$b40$c20100401$lBLL01$h0256
=CAT  \\$aBATCH$b00$c20100401$lBLL01$h0600
=CAT  \\$aBATCH$b00$c20100401$lBLL01$h1633
=CAT  \\$aBATCH-UPD$b00$c20101124$lBLL01$h1947
=CAT  \\$aBATCH-UPD$b00$c20101125$lBLL01$h1213
=CAT  \\$aIPL-CLA$c20101231$lBLL01$h1519
=CAT  \\$aBATCH-UPD$b00$c20110907$lBLL01$h1828
=CAT  \\$aIPL-CLA$c20110908$lBLL01$h1742
=CAT  \\$aBATCH-CLA$b00$c20121109$lBLL01$h1727
=CAT  \\$a3072$b40$c20230123$lBLL01$h1655
=CAT  \\$a10973$b40$c20230127$lBLL01$h1218
=CAT  \\$a10973$b40$c20230202$lBLL01$h0922
=CAT  \\$a12654$b40$c20230207$lBLL01$h0806
=CAT  \\$aBATCH-UNOA$c20230208$lBLL01$h0052
=CAT  \\$aBLDSS-3PM$b00$c20230213$lBLL01$h1337
=CAT  \\$aBATCH-UPD$b00$c20230213$lBLL01$h1338
=CAT  \\$aBATCH-FIX$c20230511$lBLL01$h1629
=CFI  0\$aCurrent copyright fee: GBP30.00$c25\0$e07-feb-2023$fGBP30.00$g0$hP$5Uk
=CFI  2\$aBritish Library not licensed to copy$c0$e07-sep-2011$hC$iTX$5Uk
=FFP  \\$aY$bBLDSS-3PM
=FIN  \\$aY$d20060816
=FMT  \\$a  SE
=LAS  \\$aBATCH-FIX$b00$c20230511$lBLL01$h1629
=TCO  \\$aXXX$c008
=UNO  \\$aY

