=LDR  03968cas a2200937 a 4500
=001  013476863
=003  Uk
=005  20211231154339.0
=007  ta
=008  060524c20079999ne\br\p\\\\\\\0\\\a0eng\\
=015  \\$aGBA720132$2bnb
=022  0\$a1751-4851
=040  \\$aUk$beng$cUk
=042  \\$aukblsr
=082  04$a618.10231$222
=222  \0$aNursing for women's health$b(Print)
=245  00$aNursing for women's health.
=260  \\$aMalden, MA ;$aOxford :$bBlackwell,$c2007-
=264  21$a[Malden MA] :$b[John Wiley & Sons Inc]
=264  31$a[Amsterdam] :$b[Elsevier Inc.]
=300  \\$av. :$bcol. ill. ;$c28 cm.
=310  \\$aBi-monthly
=336  \\$atext$2rdacontent
=337  \\$aunmediated$2rdamedia
=338  \\$avolume$2rdacarrier
=362  0\$aVol. 11, issue 1 (Feb./Mar. 2007)-
=540  \\$aCurrent copyright fee: GBP34.30$c5\1$5Uk
=550  \\$a"... published ... on behalf of the Association of Women's Health, Obstetric and Neonatal Nurses".
=650  \0$aNursing$vPeriodicals.
=650  \0$aWomen's health services$vPeriodicals.
=650  \0$aMaternity nursing$vPeriodicals.
=710  2\$aAssociation of Women's Health, Obstetric, and Neonatal Nurses.
=776  0\$tNursing for women's health (Online)$x1751-486X
=780  00$tAWHONN lifelines$x1091-5923
=852  41$aBritish Library$bDSC$j6187.135500$3Vol. 11, issue 1 (2007)-v. 17, issue 2 (2013)***UKRR Retained Title***Stock incomplete
=856  \\$31850-9999$uhttp://onlinelibrary.wiley.com/$xBLDSS
=945  \\$aNursing for womens health
=959  \\$fHeld but not currently received
=985  \\$aISSN transfered to the Netherlands from ISSN UK Centre, August 24, 2017.
=ACF  \\$aPrevious Copyright Fee: GBP16.00$c10\0$e14-mar-2007$fGBP16.00$g0$hP$5Uk
=ACF  \\$aPrevious copyright fee: GBP17.00$c10\0$e01-jan-2009$fGBP17.00$g0$hP$5Uk
=ACF  \\$aPrevious copyright fee: GBP24.00$c10\0$e01-mar-2015$fGBP24.00$g0$hP$5Uk
=ACF  \\$aPrevious copyright fee: GBP22.00$c10\0$e01-jan-2011$fGBP22.00$g0$hP$5Uk
=ACF  \\$aPrevious copyright fee: GBP22.50$c5\1$e11-dec-2015$fGBP22.50$g0$hP$5Uk
=ACF  \\$aPrevious copyright fee: GBP23.40$c5\1$e01-jan-2018$fGBP23.40$g0$hP$5Uk
=CAT  \\$a6537$b40$c20060524$lBLL01$h1435
=CAT  \\$a9541$b40$c20070320$lBLL01$h1423
=CAT  \\$aBATCH-UPD$b40$c20081119$lBLL01$h1455
=CAT  \\$aBATCH-UPD$b40$c20081231$lBLL01$h2324
=CAT  \\$aBATCH-UPD$b40$c20090101$lBLL01$h0055
=CAT  \\$aBATCH$b00$c20090101$lBLL01$h0231
=CAT  \\$aCDS-UPD$b40$c20091208$lBLL01$h2214
=CAT  \\$aCDS-UPD$b40$c20091208$lBLL01$h2234
=CAT  \\$aBATCH-UPD$b40$c20101116$lBLL01$h1328
=CAT  \\$aIPL-CLA$c20101231$lBLL01$h1519
=CAT  \\$aBATCH-CLA$b00$c20121109$lBLL01$h1726
=CAT  \\$a11316$b40$c20130603$lBLL01$h1208
=CAT  \\$aWR14_140$c20140905$lBLL01$h1812
=CAT  \\$aBLDSS-3PM$b00$c20141214$lBLL01$h1523
=CAT  \\$aBATCH-UPD$b00$c20150215$lBLL01$h1627
=CAT  \\$aIPL-CLA$c20150228$lBLL01$h2050
=CAT  \\$a5552$b40$c20151211$lBLL01$h0859
=CAT  \\$aBATCH-UPD$b40$c20160413$lBLL01$h1820
=CAT  \\$aBATCH-UPD$b40$c20170304$lBLL01$h1214
=CAT  \\$a11205$b40$c20170824$lBLL01$h1437
=CAT  \\$aBATCH-UPD$b40$c20171121$lBLL01$h1746
=CAT  \\$aIPL-CLA$c20171231$lBLL01$h1655
=CAT  \\$aBATCH-UPD$b00$c20190521$lBLL01$h1438
=CAT  \\$aIPL-CLA$c20190630$lBLL01$h1536
=CAT  \\$aBATCH-UPD$b00$c20211119$lBLL01$h1555
=CAT  \\$aIPL-CLA$c20211231$lBLL01$h1543
=CFI  0\$aCurrent copyright fee: GBP34.30$c5\1$e01-jan-2022$fGBP34.30$g0$hP$5Uk
=CFI  2\$aPrevious copyright fee: GBP32.84$c5\1$e01-jul-2019$fGBP32.84$g0$hP$5Uk
=EST  \\$a2
=FFP  \\$aY$bBLDSS-3PM
=FIN  \\$aY$d20070313
=FMT  \\$a  SE
=LAS  \\$aIPL-CLA$b00$c20211231$lBLL01$h1543
=LKR  \\$aPAR$b010473588$lBLL01$r78000$mNursing for women's health (Print)$nAWHONN lifelines
=TCO  \\$aCLA$bCLA$c008
=TOC  \\$aETOC

