=LDR  04976cas a2201057 a 4500
=001  013481998
=003  Uk
=005  20230511162914.0
=007  ta
=008  060601c20069999gw\mr\p\\\\\\\0\\\a0eng\\
=022  \\$a1862-5282
=040  \\$aUk$beng$cUk$dUk
=042  \\$aukblsr
=082  04$a669.9$222
=210  0\$aInt. j. mater. res.
=222  \0$aInternational journal of materials research
=245  00$aInternational journal of materials research
=246  31$aZeitschrift für Metallkunde
=246  30$aIJMR
=260  \\$aMünchen :$bHanser,$c2006-
=264  31$aBerlin, Germany :$bWalter de Gruyter GmbH
=300  \\$av. :$bill. ;$c28-30 cm.
=310  \\$aMonthly
=336  \\$atext$2rdacontent
=337  \\$aunmediated$2rdamedia
=338  \\$avolume$2rdacarrier
=362  0\$aVol. 97 (Apr. 2006) = 4/2006-
=540  \\$aCurrent Copyright Fee: GBP27.00$c56\0$5Uk
=550  \\$aOfficial journal of the DGM - Deutsche Gesellschaft für Materialkunde e.V.
=588  \\$aLatest issue consulted: volume 113, issue 3 (2022).
=595  \\$aSRIS SHARED STOCK.
=650  \0$aMetallurgy$vPeriodicals.
=650  \0$aAlloys$vPeriodicals.
=710  2\$aDeutsche Gesellschaft für Materialkunde.
=776  08$iAlso issued online as:$tInternational journal of materials research$x2195-8556
=780  00$tZeitschrift für Metallkunde$x0044-3093
=852  41$aBritish Library$bDSC$j4542.336100$3Vol. 97, no. 4 (2006)-***Latest issue held for 6 months.***UKRR Retained Title***Stock incomplete
=852  11$aBritish Library$bSTI$k(P)$h668.9$m-G(1)$3Vol. 97, no. 4 (2006)-
=856  \\$31850-9999$uhttp://www.degruyter.com/$xBLDSS
=945  \\$aInternational journal of materials research
=959  \\$fCurrently received
=985  \\$aNB. This should really have been treated as a minor title change as the publisher has simply altered the order of parallel titles. Unfortunately the German ISSN Centre has treated it as a major title change and given it a new ISSN number. Therefore the pragmatic decision has been taken to go along with this, otherwise we may have had to omit the ISSN currently printed on the serial.
=985  \\$aCONFERENCE ANALYTIC RECORDS EXIST
=ACF  \\$aPrevious Copyright Fee: GBP20.00$c0$e01-jan-2020$fGBP20.00$g0$hA$5Uk
=ACF  \\$aPrevious Copyright Fee: GBP8.57$c0$e01-jul-2009$fGBP8.57$g0$hC$5Uk
=ACF  \\$aPrevious Copyright Fee: GBP8.57$c0$e01-apr-2009$fGBP8.57$g0$hC$5Uk
=ACF  \\$aPrevious Copyright Fee: GBP7.50$c0$e01-jan-2009$fGBP7.50$g0$hC$5Uk
=ACF  \\$aPrevious Copyright Fee: GBP6.00$c0$e01-oct-2008$fGBP6.00$g0$hC$5Uk
=ACF  \\$aPrevious copyright fee: GBP6.00$c0$e01-apr-2008$fGBP6.00$g0$hA$5Uk
=ACF  \\$aPrevious Copyright Fee: GBP5.00$c0$e29-jun-2006$fGBP5.00$g0$hA$5Uk
=ACF  \\$aPrevious copyright fee: GBP10.50$c0$e01-jan-2011$fGBP10.50$g0$hA$5Uk
=ACF  \\$aPrevious copyright fee: GBP12.00$c0$e01-jan-2012$fGBP12.00$g0$hA$5Uk
=ACF  \\$aPrevious Copyright Fee: GBP12.30$c0$e01-jan-2014$fGBP12.30$g0$hA$5Uk
=ACF  \\$aPrevious Copyright Fee: GBP15.00$c0$e01-jan-2017$fGBP15.00$g0$hA$5Uk
=ACF  \\$aPrevious Copyright Fee: GBP17.50$c0$e01-jan-2018$fGBP17.50$g0$hA$5Uk
=CAT  \\$a8483$b40$c20060601$lBLL01$h0937
=CAT  \\$aIPL-CLA$c20101231$lBLL01$h1519
=CAT  \\$aWR11_203$c20111204$lBLL01$h1510
=CAT  \\$aIPL-CLA$c20111230$lBLL01$h2024
=CAT  \\$a6933$b40$c20120228$lBLL01$h1238
=CAT  \\$a10997$b40$c20120925$lBLL01$h1431
=CAT  \\$aBATCH-CLA$b00$c20121109$lBLL01$h1726
=CAT  \\$aBATCH-CLA$c20131220$lBLL01$h2038
=CAT  \\$aIPL-CLA$c20140101$lBLL01$h0004
=CAT  \\$aBATCH-CLA$b00$c20161222$lBLL01$h1810
=CAT  \\$aIPL-CLA$c20161230$lBLL01$h2157
=CAT  \\$aBATCH-CLA$b00$c20171222$lBLL01$h2132
=CAT  \\$aIPL-CLA$c20171231$lBLL01$h1655
=CAT  \\$aBATCH-CLA$b00$c20191219$lBLL01$h1736
=CAT  \\$aIPL-CLA$c20191231$lBLL01$h1940
=CAT  \\$aR2001-1524$c20200127$lBLL01$h2017
=CAT  \\$aBATCH-CLA$b00$c20201204$lBLL01$h1538
=CAT  \\$aIPL-CLA$c20201231$lBLL01$h1530
=CAT  \\$a12654$b40$c20211117$lBLL01$h0741
=CAT  \\$aBATCH-UNOA$c20211123$lBLL01$h2316
=CAT  \\$aBLDSS-3PM$b00$c20211201$lBLL01$h0844
=CAT  \\$aBATCH-UPD$b00$c20211201$lBLL01$h0845
=CAT  \\$a11205$b40$c20220426$lBLL01$h1343
=CAT  \\$a8874$b40$c20221013$lBLL01$h1018
=CAT  \\$a8874$b40$c20221013$lBLL01$h1044
=CAT  \\$aBATCH-FIX$c20230511$lBLL01$h1629
=CFI  0\$aCurrent Copyright Fee: GBP27.00$c56\0$e17-nov-2021$fGBP27.00$g0$hP$5Uk
=CFI  2\$aPrevious Copyright Fee: GBP22.50$c0$e01-jan-2021$fGBP22.50$g0$hA$5Uk
=FFP  \\$aY$bBLDSS-3PM
=FIN  \\$aY$d20060601
=FMT  \\$a  SE
=LAS  \\$aBATCH-FIX$b00$c20230511$lBLL01$h1629
=LKR  \\$aPAR$b012429376$lBLL01$r78000$mInternational journal of materials research$nZeitschrift für Metallkunde
=TCO  \\$aDEU$bVG WORT$c008
=TOC  \\$aETOC
=UNO  \\$aY

