=LDR  05177cas a2201057 a 4500
=001  013502407
=003  Uk
=005  20221231144743.0
=007  ta
=008  060629d20062009cc\br\p\\\\\\\0\\\a0eng\\
=022  \\$y1006-9321
=040  \\$aUk$beng$cUk$dUk
=042  \\$aukblsr
=082  04$a605$222
=130  0\$aScience in China (Beijing, China : 2006)$pSeries E, Technological sciences
=245  10$aScience in China.$pSeries E, Technological sciences.
=260  \\$aBeijing :$bScience in China Press :$bSpringer,$c2006-2009.
=300  \\$av. :$bill. ;$c25 cm.
=310  \\$aBimonthly
=336  \\$atext$2rdacontent
=337  \\$aunmediated$2rdamedia
=338  \\$avolume$2rdacarrier
=362  0\$aVol. 49, no. 2 (Apr. 2006)-v. 52, no. 12 (Dec. 2009)
=540  \\$aCurrent copyright fee: GBP29.95$c22\1$5Uk
=650  \0$aTechnology$zChina$vPeriodicals.
=776  0\$tScience in China (Beijing, China : 2006 : Online). Series E, Technological sciences$x1862-281X
=776  0\$tScience in China Series E
=780  00$tScience in China. Series E, Engineering & materials science$x1006-9321
=785  00$tScience China. Technolgical sciences
=852  71$aBritish Library$bSTI$k(P)$h605$m-E(1)$2blsrissc$3Vol. 49, no.1 1 (2006)-v. 52, no. 12 (2009)
=852  41$aBritish Library$bDSC$j8141.670503$3Vol. 49, no. 1 (2006)-v. 52, no.12 (2009)
=856  \\$31850-9999$uhttp://www.springer.com/gb/$xBLDSS
=945  \\$aScience in China Series E Technological sciences -English edition new series-
=959  \\$fHeld but not currently received
=985  \\$aISSN title changes do not match the Bib record title changes. There is no ISSN for this specific title -sf 29/10/10
=ACF  \\$aPrevious copyright fee: GBP21.25$c4\6$e01-jan-2009$fGBP21.25$g0$hP$5Uk
=ACF  \\$aPrevious copyright fee: GBP16.75$c4\6$e01-jan-2007$fGBP16.75$g0$hP$5Uk
=ACF  \\$aPrevious copyright fee: GBP16.22$c4\6$e01-oct-2006$fGBP16.22$g0$hP$5Uk
=ACF  \\$aPrevious Copyright Fee: GBP17.14$c4\6$e12-jul-2006$fGBP17.14$g0$hP$5Uk
=ACF  \\$aPrevious copyright fee: GBP22.00$c4\6$e01-apr-2009$fGBP22.00$g0$hP$5Uk
=ACF  \\$aPrevious copyright fee: GBP22.00$c4\6$e12-aug-2012$fGBP22.00$g0$hP$5Uk
=ACF  \\$aPrevious copyright fee: GBP25.00$c4\6$e01-jan-2013$fGBP25.00$g0$hP$5Uk
=ACF  \\$aPrevious copyright fee: GBP25.77$c4\6$e01-jul-2013$fGBP25.77$g0$hP$5Uk
=ACF  \\$aPrevious copyright fee: GBP24.97$c4\6$e01-jan-2014$fGBP24.97$g0$hP$5Uk
=ACF  \\$aPrevious copyright fee: GBP24.21$c4\6$e01-jul-2014$fGBP24.21$g0$hP$5Uk
=ACF  \\$aPrevious copyright fee: GBP25.77$c4\6$e01-apr-2015$fGBP25.77$g0$hP$5Uk
=ACF  \\$aPrevious copyright fee: GBP26.63$c4\6$e01-jul-2015$fGBP26.63$g0$hP$5Uk
=ACF  \\$aPrevious copyright fee: GBP25.77$c4\6$e01-oct-2015$fGBP25.77$g0$hP$5Uk
=ACF  \\$aPrevious copyright fee: GBP27.55$c4\6$e01-apr-2016$fGBP27.55$g0$hP$5Uk
=ACF  \\$aPrevious copyright fee: GBP29.59$c4\6$e01-oct-2016$fGBP29.59$g0$hP$5Uk
=ACF  \\$aPrevious copyright fee: GBP31.96$c4\6$e01-apr-2017$fGBP31.96$g0$hP$5Uk
=ACF  \\$aPrevious copyright fee: GBP30.73$c4\6$e01-oct-2017$fGBP30.73$g0$hP$5Uk
=ACF  \\$aPrevious copyright fee: GBP28.54$c4\6$e01-apr-2018$fGBP28.54$g0$hP$5Uk
=CAT  \\$a11439$b40$c20060629$lBLL01$h1533
=CAT  \\$aBATCH-CLA$c20140528$lBLL01$h1744
=CAT  \\$aIPL-CLA$c20140630$lBLL01$h1728
=CAT  \\$aBLDSS-3PM$b00$c20150103$lBLL01$h1045
=CAT  \\$aBATCH-UPD$b00$c20150219$lBLL01$h1943
=CAT  \\$aIPL-CLA$c20150331$lBLL01$h1645
=CAT  \\$aBATCH-UPD$b00$c20150520$lBLL01$h1934
=CAT  \\$aIPL-CLA$c20150630$lBLL01$h1651
=CAT  \\$aBATCH-UPD$b00$c20150820$lBLL01$h2004
=CAT  \\$aIPL-CLA$c20150930$lBLL01$h1813
=CAT  \\$aBATCH-UPD$b00$c20160217$lBLL01$h1902
=CAT  \\$aIPL-CLA$c20160331$lBLL01$h1734
=CAT  \\$aBATCH-UPD$b00$c20160524$lBLL01$h2157
=CAT  \\$aBATCH-UPD$b00$c20160524$lBLL01$h2250
=CAT  \\$aBATCH-UPD$b00$c20160824$lBLL01$h1923
=CAT  \\$aIPL-CLA$c20160930$lBLL01$h1608
=CAT  \\$aBATCH-UPD$b00$c20170216$lBLL01$h2010
=CAT  \\$aIPL-CLA$c20170331$lBLL01$h1849
=CAT  \\$aBATCH-UPD$b00$c20170904$lBLL01$h2043
=CAT  \\$aIPL-CLA$c20170929$lBLL01$h1733
=CAT  \\$aBATCH-UPD$b00$c20180223$lBLL01$h1941
=CAT  \\$aIPL-CLA$c20180331$lBLL01$h1625
=CAT  \\$aBATCH-UPD$b00$c20180524$lBLL01$h1814
=CAT  \\$aIPL-CLA$c20180630$lBLL01$h1919
=CAT  \\$aBATCH-UPD$b00$c20221121$lBLL01$h1401
=CAT  \\$aIPL-CLA$c20221231$lBLL01$h1447
=CFI  0\$aCurrent copyright fee: GBP29.95$c22\1$e01-jan-2023$fGBP29.95$g0$hP$5Uk
=CFI  2\$aPrevious copyright fee: GBP34.00$c22\1$e01-jul-2018$fGBP34.00$g0$hP$5Uk
=EST  \\$a2
=FFP  \\$aY$bBLDSS-3PM
=FIN  \\$aY$d20060629
=FMT  \\$a  SE
=LAS  \\$aIPL-CLA$b00$c20221231$lBLL01$h1447
=LKR  \\$aPAR$b013051738$lBLL01$r78000$mScience in China.$nScience in China.
=LKR  \\$aPAR$b013586401$lBLL01$nScience in China. Series E, Technological sciences (Online)$mScience in China. Series E, Technological sciences (Print)$r776
=TCO  \\$aZZZ$c008
=TOC  \\$aETOC
=UNO  \\$aY

