=LDR  03888caa a22008417a 4500
=001  013508462
=003  Uk
=005  20221231212443.0
=008  060712s2006\\\\ne\\\\\\\\\\\\100\0\eng\\
=040  \\$aUk$beng$cUk
=245  00$aAgent-based models of industry and labor dynamics :$bcontributions from the wild@ace conference /$cguest editors: Roberto Leombruni and Matteo Richiardi.
=260  \\$bSpringer,$c2006.
=300  \\$a1 v.
=336  \\$atext$2rdacontent
=337  \\$aunmediated$2rdamedia
=338  \\$avolume$2rdacarrier
=540  \\$aCurrent copyright fee: GBP29.95$c22\1$5Uk
=591  \\$aSelected papers.
=653  1\$aWild@ace
=653  1\$aComputational economics
=653  1\$aLabour dynamics
=700  1\$aLeombruni, Roberto.
=700  1\$aRichiardi, Matteo.
=710  2\$aLABORatorio R. Revelli Centre for Employment Studies.
=852  41$aBritish Library$bDSC$j3390.585000
=856  \\$31850-9999$uhttp://www.springer.com/gb/$xBLDSS
=985  \\$aComputational economics, ISSN 0927-7099 ; vol 27 no 1 2006
=ACF  \\$aPrevious copyright fee: GBP25.00$c4\5$e01-jan-2013$fGBP25.00$g0$hP$5Uk
=ACF  \\$aPrevious copyright fee: GBP24.97$c4\5$e01-jan-2014$fGBP24.97$g0$hP$5Uk
=ACF  \\$aPrevious copyright fee: GBP24.21$c4\5$e01-jul-2014$fGBP24.21$g0$hP$5Uk
=ACF  \\$aPrevious copyright fee: GBP25.77$c4\5$e01-apr-2015$fGBP25.77$g0$hP$5Uk
=ACF  \\$aPrevious copyright fee: GBP26.63$c4\5$e01-jul-2015$fGBP26.63$g0$hP$5Uk
=ACF  \\$aPrevious copyright fee: GBP25.77$c4\5$e01-oct-2015$fGBP25.77$g0$hP$5Uk
=ACF  \\$aPrevious copyright fee: GBP27.55$c4\5$e01-apr-2016$fGBP27.55$g0$hP$5Uk
=ACF  \\$aPrevious copyright fee: GBP29.59$c4\5$e01-oct-2016$fGBP29.59$g0$hP$5Uk
=ACF  \\$aPrevious copyright fee: GBP31.96$c4\5$e01-apr-2017$fGBP31.96$g0$hP$5Uk
=ACF  \\$aPrevious copyright fee: GBP30.73$c4\5$e01-oct-2017$fGBP30.73$g0$hP$5Uk
=CAT  \\$a7153$b40$c20060712$lBLL01$h0930
=CAT  \\$aBLDSS-3PM$b00$c20150103$lBLL01$h1045
=CAT  \\$aBATCH-UPD$b00$c20150219$lBLL01$h1941
=CAT  \\$aIPL-CLA$c20150331$lBLL01$h1645
=CAT  \\$aBATCH-UPD$b00$c20150520$lBLL01$h1933
=CAT  \\$aIPL-CLA$c20150630$lBLL01$h1651
=CAT  \\$aBATCH-UPD$b00$c20150820$lBLL01$h2002
=CAT  \\$aIPL-CLA$c20150930$lBLL01$h1813
=CAT  \\$aBATCH-UPD$b00$c20160217$lBLL01$h1901
=CAT  \\$aIPL-CLA$c20160331$lBLL01$h1735
=CAT  \\$aBATCH-UPD$b00$c20160524$lBLL01$h2157
=CAT  \\$aBATCH-UPD$b00$c20160524$lBLL01$h2242
=CAT  \\$aBATCH-UPD$b00$c20160824$lBLL01$h1921
=CAT  \\$aIPL-CLA$c20160930$lBLL01$h1608
=CAT  \\$aBATCH-UPD$b00$c20170216$lBLL01$h2009
=CAT  \\$aIPL-CLA$c20170331$lBLL01$h1849
=CAT  \\$aBATCH-UPD$b00$c20170904$lBLL01$h2041
=CAT  \\$aIPL-CLA$c20170929$lBLL01$h1733
=CAT  \\$aBATCH-UPD$b00$c20180223$lBLL01$h1939
=CAT  \\$aIPL-CLA$c20180331$lBLL01$h1625
=CAT  \\$aBATCH-UPD$b00$c20180524$lBLL01$h1813
=CAT  \\$aIPL-CLA$c20180630$lBLL01$h1919
=CAT  \\$aBATCH-UPD$b00$c20221121$lBLL01$h1401
=CAT  \\$aBATCH-CLA$b00$c20221122$lBLL01$h0210
=CAT  \\$aBATCH-CLA$b00$c20221122$lBLL01$h0238
=CAT  \\$aIPL-CLA$c20221231$lBLL01$h2124
=CFI  0\$aCurrent copyright fee: GBP29.95$c22\1$e01-jan-2023$fGBP29.95$g0$hP$5Uk
=CFI  2\$aPrevious copyright fee: GBP34.00$c22\1$e01-jul-2018$fGBP34.00$g0$hP$5Uk
=CNF  \\$aWorkshop on industry and labour dynamics: the agent-based computational economics approach$d(2004 Dec :$cMoncalieri, Italy)
=FFP  \\$aY$bBLDSS-3PM
=FIN  \\$aY$d20060712
=FMT  \\$a  BK
=LAS  \\$aIPL-CLA$b00$c20221231$lBLL01$h2124
=LKR  \\$aANA$b012402874$r773$lBLL01$nComputational economics.$mAgent-based models of industry and labor dynamics : contributions from the wild@ace conference$y2006$v27$i1
=TCO  \\$aNLD$bSTICHTING REPRORECHT$c008
=UNO  \\$aY

