=LDR  02901 aa a22006977a 4500
=001  013530793
=003  Uk
=005  20191231194108.0
=008  060815s2006\\\\enk\\\\\\\\\\\100\0\eng\\
=040  \\$aUk$beng$cUk
=245  00$aIntegration of structural and functional genomics :$ba 2005 Iowa State University growth factor and signal tranduction symposium /$cguest editor: Christopher K. Tuggle.
=260  \\$bBlackwell,$c2006.
=300  \\$a1 v.
=336  \\$atext$2rdacontent
=337  \\$aunmediated$2rdamedia
=338  \\$avolume$2rdacarrier
=540  \\$aCurrent Copyright Fee: GBP32.00$c35\0$5Uk
=591  \\$aSelected, revised papers.
=653  1\$aAnimal genetics
=653  1\$aGenomics
=653  1\$aGrowth
=700  1\$aTuggle, Christopher K.
=710  2\$aIowa State University.
=852  41$aBritish Library$bDSC$j0903.572000
=852  71$aBritish Library$bSTI$k(P)$hEW 24$m-E(2)$2blsrissc
=856  \\$31850-9999$uhttp://onlinelibrary.wiley.com/$xBLDSS
=985  \\$aAnimal genetics, ISSN 0268-9146 ; vol 37 suppl 1 2006
=CAT  \\$a7153$b40$c20060815$lBLL01$h0827
=CAT  \\$aBATCH-CLA$b00$c20120928$lBLL01$h1821
=CAT  \\$aBATCH-CLA$b00$c20120930$lBLL01$h1020
=CAT  \\$aBATCH-CLA$b00$c20130508$lBLL01$h0659
=CAT  \\$aBATCH-CLA$b00$c20140125$lBLL01$h1249
=CAT  \\$aBATCH-CLA$b00$c20140205$lBLL01$h0048
=CAT  \\$aBATCH-CLA$c20140225$lBLL01$h2327
=CAT  \\$aBLDSS-3PM$b00$c20141214$lBLL01$h1523
=CAT  \\$aBATCH-UPD$b00$c20150215$lBLL01$h1627
=CAT  \\$aIPL-CLA$c20150228$lBLL01$h2050
=CAT  \\$aBATCH-UPD$b00$c20161023$lBLL01$h2157
=CAT  \\$aBATCH-CLA$b00$c20161024$lBLL01$h0115
=CAT  \\$aW1703-0316$c20170306$lBLL01$h1825
=CAT  \\$aW1703-0316$c20170307$lBLL01$h1648
=CAT  \\$aIPL-CLA$c20170307$lBLL01$h1824
=CAT  \\$aBATCH-UPD$b00$c20180219$lBLL01$h1749
=CAT  \\$a7764$b40$c20181101$lBLL01$h1148
=CAT  \\$aBATCH-CLA$b00$c20181102$lBLL01$h0106
=CAT  \\$aBATCH-UPD$b00$c20181121$lBLL01$h1622
=CAT  \\$aBATCH-CLA$b00$c20181122$lBLL01$h0126
=CAT  \\$aBATCH-CLA$b00$c20181122$lBLL01$h0149
=CAT  \\$aIPL-CLA$c20181231$lBLL01$h1544
=CAT  \\$aBATCH-CLA$b00$c20191128$lBLL01$h0119
=CAT  \\$aIPL-CLA$c20191231$lBLL01$h1941
=CFI  0\$aCurrent Copyright Fee: GBP32.00$c35\0$e01-jan-2020$fGBP32.00$g0$hP$5Uk
=CFI  2\$aPrevious copyright fee: GBP28.00$c35\0$e01-jan-2019$fGBP28.00$g0$hP$5Uk
=CNF  \\$aGrowth factor and signal tranduction symposium$d(2005 Sep :$cAmes, IA)
=FFP  \\$aY$bBLDSS-3PM
=FIN  \\$aY$d20060815
=FMT  \\$a  BK
=LAS  \\$aIPL-CLA$b00$c20191231$lBLL01$h1941
=LKR  \\$aANA$b007063185$r773$lBLL01$nAnimal genetics$mIntegration of structural and functional genomics : a 2005 Iowa State University growth factor and signal tranduction symposium$y2006$v37$i1$psn
=TCO  \\$aCLA$bCLA$c008
=UNO  \\$aY

