=LDR  04479cas a2201045 a 4500
=001  013531304
=003  Uk
=005  20230511162917.0
=007  ta
=008  040331d200320uuenkqr\p\\\\\\\0\\\a0eng\c
=010  \\$a  2009205416$z  2004234081
=022  \\$a1449-4035
=035  \\$a(OCoLC)54849159
=040  \\$aMH$cMH$dOCoLC$dWaSeSS$dDLC$dOCoLC$dUk
=042  \\$aukblsr
=043  \\$au-at---$ap------
=050  00$aDU117.17$b.P65
=082  04$a320.605$222
=222  \0$aPolicy & society
=245  00$aPolicy & society :$bjournal of public, foreign and global policy.
=246  3\$aPolicy and society
=260  \\$aSydney :$bUniversity of Sydney,$c2003-
=260  3\$a[Oxford] :$bElsevier
=300  \\$av. :$bill. ;$c27 cm.
=310  \\$aQuarterly
=336  \\$atext$2rdacontent
=337  \\$aunmediated$2rdamedia
=338  \\$avolume$2rdacarrier
=362  0\$aVol. 22, no. 2 (Dec. 2003)-
=500  \\$aIssues for <May 2010- > have subtitle "an interdisciplinary journal of policy science."
=500  \\$aDescription based on: Vol. 27, no. 1 (Sept. 2008).
=500  \\$aLatest issue consulted: Vol. 29, issue 2 (May 2010).
=530  \\$aAlso available online.
=540  \\$aCurrent copyright fee: zero$c29\0$5Uk
=595  \\$aDSC print copy Not Selected. See Card Index.
=650  \0$aPolicy sciences$vPeriodicals.
=650  \0$aSocial planning$vPeriodicals.
=710  2\$aUniversity of Sydney.$bSchool of Economics and Political Science.
=776  1\$tPolicy and society (Online)$x1839-3373
=780  00$tPolicy, organisation and society$x1034-9952
=852  41$aBritish Library$bHMNTS$jZC.9.a.8697$3Vol. 29, no. 2 (2010)-v. 33, no. 4 (2014)***Title now taken as electronic copy only
=852  41$aBritish Library$bDSC$j9830.092000
=856  \\$31850-9999$uhttp://www.elsevier.com/journals$xBLDSS
=945  \\$aPolicy and society -Sydney-
=985  \\$aISSN UK Centre: title transferred from Elsevier to T&F (2017-2021), unclear if they published print copies. From 2022 published online only by Oxford University Press.
=ACF  \\$aPrevious copyright fee: GBP23.40$c5\1$e01-jan-2018$fGBP23.40$g0$hP$5Uk
=ACF  \\$aPrevious copyright fee: GBP22.50$c5\1$e01-jan-2013$fGBP22.50$g0$hP$5Uk
=ACF  \\$aPrevious copyright fee: GBP6.00$c0$e01-apr-2008$fGBP6.00$g0$hA$5Uk
=ACF  \\$aPrevious Copyright Fee: GBP5.00$c0$e16-aug-2006$fGBP5.00$g0$hA$5Uk
=ACF  \\$aPrevious Copyright Fee: GBP20.00$c5\1$e01-jan-2009$fGBP20.00$g0$hP$5Uk
=ACF  \\$aPrevious copyright fee: GBP21.00$c5\1$e01-jan-2012$fGBP21.00$g0$hP$5Uk
=CAT  \\$a6738$b40$c20060815$lBLL01$h1402
=CAT  \\$aBATCH$b00$c20090101$lBLL01$h0231
=CAT  \\$a8180$b40$c20090102$lBLL01$h1329
=CAT  \\$a9505$b40$c20090105$lBLL01$h1600
=CAT  \\$a8323$b40$c20110201$lBLL01$h1414
=CAT  \\$a8323$b40$c20110201$lBLL01$h1415
=CAT  \\$aBATCH-UPD$b40$c20111123$lBLL01$h1853
=CAT  \\$aIPL-CLA$c20111230$lBLL01$h2025
=CAT  \\$a5466$b40$c20120410$lBLL01$h1211
=CAT  \\$aBATCH-CLA$b00$c20121109$lBLL01$h1726
=CAT  \\$aBATCH-UPD$b00$c20121121$lBLL01$h1658
=CAT  \\$aIPL-CLA$c20121231$lBLL01$h1320
=CAT  \\$aIPL-CLA$c20130102$lBLL01$h1747
=CAT  \\$aBATCH-CLA$b00$c20140125$lBLL01$h1321
=CAT  \\$aBATCH-CLA$c20140225$lBLL01$h2327
=CAT  \\$aBLDSS-3PM$b00$c20141222$lBLL01$h1715
=CAT  \\$a11316$b40$c20150330$lBLL01$h1538
=CAT  \\$aBATCH-UPD$b40$c20171121$lBLL01$h1746
=CAT  \\$aBATCH-UPD$b40$c20171122$lBLL01$h0001
=CAT  \\$aIPL-CLA$c20171231$lBLL01$h1657
=CAT  \\$a5552$b40$c20181218$lBLL01$h0822
=CAT  \\$a12654$b40$c20211026$lBLL01$h1425
=CAT  \\$a10973$b40$c20220310$lBLL01$h0911
=CAT  \\$a8055$b40$c20220311$lBLL01$h1432
=CAT  \\$aBATCH-UNOA$c20220315$lBLL01$h2354
=CAT  \\$aBATCH-SUPP$c20230426$lBLL01$h1108
=CAT  \\$aBATCH-FIX$c20230511$lBLL01$h1629
=CFI  0\$aCurrent copyright fee: zero$c29\0$e11-mar-2022$fGBP0.00$g0$hP$5Uk
=CFI  2\$aPrevious copyright fee: zero$c2\0$e18-dec-2018$fGBP0.00$g0$hP$5Uk
=FFP  \\$aY$bBLDSS-3PM
=FIN  \\$aY$d20110201
=FMT  \\$a  SE
=LAS  \\$aBATCH-FIX$b00$c20230511$lBLL01$h1629
=LKR  \\$aPAR$b014868119$lBLL01$nPolicy & society (Online)$mPolicy & society (Print)$r776
=LKR  \\$aPAR$b005507977$lBLL01$nPolicy, organisation and society$mPolicy & society$r78000
=SRC  \\$aBLL02
=TCO  \\$aCLA$bCLA$c008
=TOC  \\$aETOC
=UNO  \\$aY

