=LDR  03504caa a22007697a 4500
=001  013534907
=003  Uk
=005  20221231212552.0
=008  060818s2006\\\\xxu\\\\\\\\\\\100\0\eng\\
=040  \\$aUk$beng$cUk
=245  00$aSelected papers from the 2005 International conference on advanced fibers and polymeric materials (ICAFPM 2005)
=260  \\$bTaylor & Francis,$c2006.
=300  \\$a1 v.
=336  \\$atext$2rdacontent
=337  \\$aunmediated$2rdamedia
=338  \\$avolume$2rdacarrier
=540  \\$aCurrent copyright fee: GBP43.00$c2\0$5Uk
=591  \\$aSelected papers. Theme title: New century, new materials and new life.
=595  \\$aFor more selected papers see 5010.762000 vol 43 no 11 2006.
=653  1\$aAdvanced fibers
=653  1\$aFibers
=653  1\$aPolymer materials
=653  1\$aICAFPM
=710  2\$aState Key Laboratory for Modification of Chemical Fibers and Polymer Materials.
=852  41$aBritish Library$bDSC$j5010.770000
=852  71$aBritish Library$bSTI$k(P)$hMG 00$m-E(1)$2blsrissc
=856  \\$31850-9999$uhttp://www.tandfonline.com/$xBLDSS
=985  \\$aJournal of macromolecular science B Physics, ISSN 0022-2348 ; vol 45 no 4 2006
=ACF  \\$aPrevious copyright fee: GBP27.00$c2\0$e01-jan-2012$fGBP27.00$g0$hP$5Uk
=ACF  \\$aPrevious copyright fee: GBP27.50$c2\0$e01-jan-2013$fGBP27.50$g0$hP$5Uk
=ACF  \\$aPrevious copyright fee: GBP28.00$c2\0$e01-jan-2014$fGBP28.00$g0$hP$5Uk
=ACF  \\$aPrevious copyright fee: GBP31.00$c2\0$e01-apr-2016$fGBP31.00$g0$hP$5Uk
=CAT  \\$a7153$b40$c20060818$lBLL01$h1630
=CAT  \\$aIPL-CLA$c20151231$lBLL01$h1924
=CAT  \\$aBATCH-CLA$b00$c20160304$lBLL01$h0123
=CAT  \\$aIPL-CLA$c20160331$lBLL01$h1735
=CAT  \\$aBATCH-UPD$b00$c20161010$lBLL01$h1509
=CAT  \\$aBATCH-CLA$b00$c20161011$lBLL01$h0118
=CAT  \\$aBATCH-UPD$b00$c20161122$lBLL01$h1505
=CAT  \\$aIPL-CLA$c20161230$lBLL01$h2201
=CAT  \\$aBATCH-UPD$b00$c20171121$lBLL01$h1655
=CAT  \\$aIPL-CLA$c20171231$lBLL01$h1657
=CAT  \\$aBATCH-UPD$b00$c20181217$lBLL01$h1645
=CAT  \\$aBATCH-CLA$b00$c20181218$lBLL01$h0122
=CAT  \\$aBATCH-CLA$b00$c20181218$lBLL01$h0139
=CAT  \\$aIPL-CLA$c20181231$lBLL01$h1544
=CAT  \\$aBATCH-UPD$b00$c20191122$lBLL01$h1907
=CAT  \\$aBATCH-CLA$b00$c20191123$lBLL01$h0120
=CAT  \\$aBATCH-CLA$b00$c20191123$lBLL01$h0129
=CAT  \\$aIPL-CLA$c20191231$lBLL01$h1941
=CAT  \\$aBATCH-UPD$b00$c20201118$lBLL01$h1341
=CAT  \\$aBATCH-CLA$b00$c20201119$lBLL01$h0127
=CAT  \\$aBATCH-CLA$b00$c20201119$lBLL01$h0141
=CAT  \\$aIPL-CLA$c20201231$lBLL01$h2213
=CAT  \\$aBATCH-UPD$b00$c20221121$lBLL01$h1339
=CAT  \\$aBATCH-CLA$b00$c20221122$lBLL01$h0202
=CAT  \\$aBATCH-CLA$b00$c20221122$lBLL01$h0238
=CAT  \\$aIPL-CLA$c20221231$lBLL01$h2125
=CFI  0\$aCurrent copyright fee: GBP43.00$c2\0$e01-jan-2023$fGBP43.00$g0$hP$5Uk
=CFI  2\$aPrevious copyright fee: GBP41.00$c2\0$e01-jan-2021$fGBP41.00$g0$hP$5Uk
=CNF  \\$aInternational conference on advanced fibers and polymeric materials$d(2005 Oct :$cShanghai, China)
=FFP  \\$aY$bBLDSS-3PM
=FIN  \\$aY$d20060818
=FMT  \\$a  BK
=LAS  \\$aIPL-CLA$b00$c20221231$lBLL01$h2125
=LKR  \\$aANA$b010490582$r773$lBLL01$nJournal of macromolecular science B Physics.$mSelected papers from the 2005 International conference on advanced fibers and polymeric materials (ICAFPM 2005)$y2006$v45$i4
=TCO  \\$aTRS$bCCC$c008

