=LDR  02208 aa a22005657a 4500
=001  013555969
=003  Uk
=005  20191231194142.0
=008  060918s2006\\\\xxu\\\\\\\\\\\100\0\eng\\
=040  \\$aUk$beng$cUk
=245  00$aUrban science education.
=260  \\$bWiley-Liss,$c2006
=300  \\$ap. 599-606.
=336  \\$atext$2rdacontent
=337  \\$aunmediated$2rdamedia
=338  \\$avolume$2rdacarrier
=540  \\$aCurrent Copyright Fee: GBP39.00$c35\0$5Uk
=591  \\$aReport.
=653  1\$aScience education
=852  41$aBritish Library$bDSC$j5052.030000
=856  \\$31850-9999$uhttp://onlinelibrary.wiley.com/$xBLDSS
=985  \\$aJournal of research in science teaching, ISSN 0022-4308 ; vol 43 no 7 2006
=CAT  \\$a7153$b40$c20060918$lBLL01$h1229
=CAT  \\$aBATCH-CLA$b00$c20120928$lBLL01$h1834
=CAT  \\$aBATCH-CLA$b00$c20120930$lBLL01$h1042
=CAT  \\$aBATCH-CLA$b00$c20130508$lBLL01$h0728
=CAT  \\$aBATCH-CLA$b00$c20140125$lBLL01$h1317
=CAT  \\$aBATCH-CLA$c20140225$lBLL01$h2327
=CAT  \\$aBLDSS-3PM$b00$c20141214$lBLL01$h1523
=CAT  \\$aBATCH-UPD$b00$c20150215$lBLL01$h1658
=CAT  \\$aIPL-CLA$c20150228$lBLL01$h2050
=CAT  \\$aBATCH-UPD$b00$c20170726$lBLL01$h0017
=CAT  \\$aBATCH-CLA$b00$c20170727$lBLL01$h0114
=CAT  \\$aBATCH-UPD$b00$c20180219$lBLL01$h1749
=CAT  \\$aBATCH-UPD$b00$c20181121$lBLL01$h1623
=CAT  \\$aBATCH-CLA$b00$c20181122$lBLL01$h0136
=CAT  \\$aBATCH-CLA$b00$c20181122$lBLL01$h0149
=CAT  \\$aIPL-CLA$c20181231$lBLL01$h1544
=CAT  \\$aBATCH-CLA$b00$c20191128$lBLL01$h0119
=CAT  \\$aIPL-CLA$c20191231$lBLL01$h1941
=CFI  0\$aCurrent Copyright Fee: GBP39.00$c35\0$e01-jan-2020$fGBP39.00$g0$hP$5Uk
=CFI  2\$aPrevious copyright fee: GBP28.00$c35\0$e01-jan-2019$fGBP28.00$g0$hP$5Uk
=CNF  \\$aOptimizing science achevement for all students (Symposium)$d(2005 :$cCollege Park, MD)
=FFP  \\$aY$bBLDSS-3PM
=FIN  \\$aY$d20060918
=FMT  \\$a  BK
=LAS  \\$aIPL-CLA$b00$c20191231$lBLL01$h1941
=LKR  \\$aANA$b010492001$r773$lBLL01$nJournal of research in science teaching$mUrban science education$y2006$v43$i7
=TCO  \\$aTRS$bCCC$c008
=UNO  \\$aY

