=LDR  06737cas a2201405 a 4500
=001  013559419
=003  Uk
=005  20230511162918.0
=006  m\\\\\o\\d\\\\\\\\
=007  cr\mnu||||||||
=008  020612c19969999gw\qr\pso\\\\\0\\\a0eng\c
=010  \\$a2003252105
=022  0\$a1689-1392$202$l1425-8153$y1425-8153
=035  \\$a(OCoLC)49980705$z(OCoLC)60637804
=037  \\$a???$bBioMed Central
=040  \\$aOMC$beng$cOMC$dOCLCQ$dWAU$dOCLCQ$dAGL$dOCLCQ$dOCL$dOCLCQ$dUk
=042  \\$aukblsr
=050  14$aQH573
=070  0\$aQH573$b.C45
=072  \0$aX300
=082  04$a571.605$223
=130  0\$aCellular & molecular biology letters (Online)
=222  \0$aCellular & molecular biology letters$b(Online)
=245  10$aCellular & molecular biology letters$h[electronic resource].
=246  3\$aCMBL$iSource code:
=246  3\$aCellular and molecular biology letters
=260  \\$a[Wrocław, Poland :$bPolish Academy of Sciences, Committee of Biochemistry and Biophysics :$bPolish Network for Molecular and Cell Biology UNESCO/PAN]
=264  21$aVienna :$bSpringer
=264  21$aLondon :$bBioMed Central
=264  31$32015-$a[Berlin?] :$bDe Gruyter ;$bBioMed Central
=310  \\$aQuarterly
=336  \\$atext$2rdacontent
=337  \\$acomputer$2rdamedia
=338  \\$aonline resource$2rdacarrier
=362  1\$aPrint began with vol. 1, no. 1, published in 1996.
=525  \\$aOccasional supplements.
=530  \\$aAlso issued in print.
=538  \\$aMode of access: World Wide Web.
=540  \\$aCurrent copyright fee: zero$c22\1$5Uk
=588  \\$aDescription based on: Vol. 5, no. 1 (2000); title from contents (publisher's version, viewed Aug. 27, 2003).
=588  \\$aLatest issue consulted: volume 18, issue 3 (September 2013); (SpringerLink, viewed September 11, 2013).
=588  \\$aLatest issue consulted: 21:11 (2016); article published 12 August 2016; viewed 22 August 2016.
=650  \0$aCytology$vPeriodicals.
=650  \0$aMolecular biology$vPeriodicals.
=650  \2$aBiochemistry$vPeriodicals.
=650  \2$aBiophysics$vPeriodicals.
=650  \2$aCells$vPeriodicals.
=650  \2$aMolecular Biology$vPeriodicals.
=650  \2$aPhysiology$vPeriodicals.
=710  2\$aPolska Akademia Nauk.$bKomitet Biochemii i Biofizyki.
=710  2\$aPolish Network for Molecular and Cell Biology UNESCO/PAN.
=776  1\$tCellular & molecular biology letters$x1425-8153
=852  \\$aBritish Library$bDSC$j3097.921500$3Volume 11:Issue 1(2006)-Volume 20:Issue 4(2015)***See ESTAR for full holdings.
=852  41$aBritish Library$bHMNTS$jELD Digital store$3Volume 21:Issue 1(2016)-***Previous issues available in print copy
=856  4\$31850-9999$uhttp://www.springer.com/gb/$xBLDSS
=856  40$uhttp://bibpurl.oclc.org/web/10160
=856  40$uhttps://www.degruyter.com/view/j/cmble.2015.20.issue-5/issue-files/cmble.2015.20.issue-5.xml
=856  40$uhttp://firstsearch.oclc.org$zAddress for accessing the journal using authorization number and password through OCLC FirstSearch Electronic Collections Online
=856  40$uhttp://firstsearch.oclc.org/journal=1425-8153;screen=info;ECOIP$zAddress for accessing the journal from an authorized IP address through OCLC FirstSearch Electronic Collections Online
=856  40$uhttp://link.springer.com/journal/11658
=856  40$uhttp://www.cmbl.org.pl/
=856  40$uhttp://www.springer.com/life+sciences/cell+biology/journal/11658$xOA-J
=859  \\$aELD$bejournal
=945  \\$aCellular and molecular biology letters
=959  \\$fHeld but not currently received
=985  \\$aISSN description based on:
=985  \\$aISSN UK Centre note: ROAD OA
=ACF  \\$aPrevious Copyright Fee: GBP26.00$c56\0$e12-nov-2015$fGBP26.00$g0$hP$5Uk
=ACF  \\$aPrevious copyright fee: GBP25.77$c4\9$e01-oct-2015$fGBP25.77$g0$hP$5Uk
=ACF  \\$aPrevious copyright fee: GBP26.63$c4\9$e01-jul-2015$fGBP26.63$g0$hP$5Uk
=ACF  \\$aPrevious copyright fee: GBP21.25$c4\9$e01-jan-2009$fGBP21.25$g0$hP$5Uk
=ACF  \\$aPrevious copyright fee: GBP16.75$c4\9$e01-jan-2007$fGBP16.75$g0$hP$5Uk
=ACF  \\$aPrevious Copyright Fee: GBP16.22$c4\9$e01-oct-2006$fGBP16.22$g0$hP$5Uk
=ACF  \\$aPrevious Copyright Fee: GBP17.14$c4\9$e21-sep-2006$fGBP17.14$g0$hP$5Uk
=ACF  \\$aPrevious copyright fee: GBP22.00$c4\9$e01-apr-2009$fGBP22.00$g0$hP$5Uk
=ACF  \\$aPrevious copyright fee: GBP22.00$c4\9$e12-aug-2012$fGBP22.00$g0$hP$5Uk
=ACF  \\$aPrevious copyright fee: GBP25.00$c4\9$e01-jan-2013$fGBP25.00$g0$hP$5Uk
=ACF  \\$aPrevious copyright fee: GBP25.77$c4\9$e01-jul-2013$fGBP25.77$g0$hP$5Uk
=ACF  \\$aPrevious copyright fee: GBP24.21$c4\9$e01-jul-2014$fGBP24.21$g0$hP$5Uk
=ACF  \\$aPrevious copyright fee: GBP24.97$c4\9$e01-jan-2014$fGBP24.97$g0$hP$5Uk
=ACF  \\$aPrevious copyright fee: GBP27.00$c56\0$e20-mar-2015$fGBP27.00$g0$hP$5Uk
=CAT  \\$a7174$b40$c20060921$lBLL01$h1201
=CAT  \\$a8124$b40$c20130911$lBLL01$h1424
=CAT  \\$aBATCH-UPD$b40$c20131119$lBLL01$h2240
=CAT  \\$aIPL-CLA$c20140101$lBLL01$h0008
=CAT  \\$aBATCH-CLA$b00$c20140125$lBLL01$h1312
=CAT  \\$aBATCH-CLA$c20140225$lBLL01$h2328
=CAT  \\$aBATCH-UPD$b00$c20140527$lBLL01$h2304
=CAT  \\$aBATCH-CLA$c20140528$lBLL01$h1745
=CAT  \\$aIPL-CLA$c20140630$lBLL01$h1729
=CAT  \\$aBLDSS-3PM$b00$c20150103$lBLL01$h1045
=CAT  \\$aBATCH-UPD$b00$c20150219$lBLL01$h1954
=CAT  \\$a12654$b40$c20150320$lBLL01$h0951
=CAT  \\$a8055$b40$c20150331$lBLL01$h1432
=CAT  \\$aBATCH-CLA$b00$c20150630$lBLL01$h1023
=CAT  \\$aIPL-CLA$c20150630$lBLL01$h1652
=CAT  \\$aBATCH-UPD$b00$c20150820$lBLL01$h2007
=CAT  \\$aIPL-CLA$c20150930$lBLL01$h1814
=CAT  \\$a5552$b40$c20151112$lBLL01$h1408
=CAT  \\$a11313$b40$c20160822$lBLL01$h1040
=CAT  \\$a8124$b40$c20161020$lBLL01$h1146
=CAT  \\$a12654$b40$c20170111$lBLL01$h1447
=CAT  \\$a5552$b40$c20180130$lBLL01$h1401
=CAT  \\$a9667$b40$c20180201$lBLL01$h1408
=CAT  \\$a5552$b40$c20180821$lBLL01$h1416
=CAT  \\$a5410$b40$c20211006$lBLL01$h1009
=CAT  \\$aBATCH-FIX$c20230511$lBLL01$h1629
=CFI  0\$aCurrent copyright fee: zero$c22\1$e21-aug-2018$fGBP0.00$g0$hP$5Uk
=CFI  2\$aPrevious copyright fee: zero$c4\9$e30-jan-2018$fGBP0.00$g0$hP$5Uk
=EST  \\$a1
=FFP  \\$aY$bBLDSS-3PM
=FIN  \\$aY$d20130911
=FMT  \\$a  SE
=LAS  \\$aBATCH-FIX$b00$c20230511$lBLL01$h1629
=LKR  \\$aPAR$b012108386$lBLL01$r776$mCellular & molecular biology letters (Online)$nCellular and molecular biology letters (Print)
=MNI  \\$a1425-8153
=SID  \\$aZ39$bOCLC
=TCO  \\$aXXX$c008
=TOC  \\$aETOC
=UNO  \\$aY

