=LDR  01652 as a22003857a 4500
=001  013564785
=003  Uk
=005  20140606135557.0
=007  ta
=008  060928d2006201uenk\u\p\\\\\\\0\\\a0eng\\
=040  \\$aUk$beng$cUk
=245  00$aEmployment law in practice newsletter :$bfor subscribers to employment law in practice /$cChartered Institute of Personnel and Development.
=260  \\$aLondon :$bChartered Institute of Personnel and Development,$c2006-
=300  \\$av. :$bill ;$c30 cm.
=336  \\$atext$2rdacontent
=337  \\$aunmediated$2rdamedia
=338  \\$avolume$2rdacarrier
=362  0\$aIssue 1 (July 2006)-
=362  1\$aCeased in 2010?
=500  \\$aLatest issue consulted: Issue 3 (Nov. 2006).
=650  \0$aLabor laws and legislation$zEngland$vPeriodicals.
=650  \0$aLabor laws and legislation$zWales$vPeriodicals.
=710  2\$aChartered Institute of Personnel and Development.
=772  0\$tCIPD Employment law in practice
=772  0\$tEmployment law in practice$x1751-2387
=852  41$aBritish Library$bHMNTS$jZK.9.b.24489$3Issue 1, July 2006-issue 18 January (2010)
=985  \\$aParent title has both ISSN record and integrating resource record. Link is to integrating resource record
=CAT  \\$a11315$b40$c20060928$lBLL01$h1414
=CAT  \\$a8124$b40$c20070605$lBLL01$h1457
=CAT  \\$a7778$b40$c20140606$lBLL01$h1355
=FIN  \\$aY$d20060928
=FMT  \\$a  SE
=LAS  \\$a7778$b40$c20140606$lBLL01$h1355
=LKR  \\$aPAR$b013760741$lBLL01$r772$mEmployment law in practice newsletter : for subscribers to employment law in practice /$nCIPD employment law in practice
=TCO  \\$aCLA$bCLA$c008

