=LDR  06780cas a2201285 i 4500
=001  013569952
=003  Uk
=005  20220930142721.0
=006  m\\\\\\\\d\\\\\\\\
=007  cr\|||||||||||
=008  061005c\\\\9999nyumr\p\s\\\\\0\\\a0eng\\
=022  \\$y1557-9034
=040  \\$aUk$beng$cUk$erda
=042  \\$aukblsr
=082  04$a617.91$223
=130  0\$aJournal of laparoendoscopic & advanced surgical techniques (2005)
=245  10$aJournal of laparoendoscopic & advanced surgical techniques.
=246  3\$aJournal of laparoendoscopic and advanced surgical techniques
=264  \1$a[Larchmont, New York] :$bMary Ann Liebert,$c2005-
=300  \\$billustrations (black and white)
=310  \\$aMonthly,$b2013-
=321  \\$aTen issues yearly,$b2010-2012
=321  \\$aBimonthly,$b-2009
=336  \\$atext$2rdacontent
=337  \\$acomputer$2rdamedia
=338  \\$aonline resource$2rdacarrier
=362  0\$aVol. 15, issue 1 (February 2005)-
=500  \\$aTitle from: Journal home page (publisher's Web site, viewed May 3, 2016).
=540  \\$aCurrent copyright fee: GBP42.50$c18\0$5Uk
=588  \\$aLatest issue consulted: Volume 26, number 4 (2016) (viewed May 3, 2016).
=776  08$iAlso issued in print as:$tJournal of laparoendoscopic & advanced surgical techniques (2005)
=780  04$tPediatric endosurgery & innovative techniques$x1092-6410
=780  04$tJournal of laparoendoscopic & advanced surgical techniques$x1092-6429
=852  \\$aBritish Library$bDSC$j5010.098550$3Volume 15:Issue 1(2005)-***See ESTAR for full holdings.
=856  40$31850-9999$uhttp://www.liebertpub.com/$xBLDSS
=945  \\$aJournal of laparoendoscopic and advanced surgical techniques -New series-
=959  \\$fCurrently received
=985  \\$aCONFERENCE ANALYTIC RECORDS EXIST
=985  \\$aDoes not follow ISSN title changes
=ACF  \\$aPrevious copyright fee: GBP31.88$c18\0$e01-jul-2011$fGBP31.88$g0$hP$5Uk
=ACF  \\$aPrevious copyright fee: GBP32.90$c18\0$e01-jan-2011$fGBP32.90$g0$hP$5Uk
=ACF  \\$aPrevious copyright fee: GBP31.61$c18\0$e01-jul-2010$fGBP31.61$g0$hP$5Uk
=ACF  \\$aPrevious copyright fee: GBP29.70$c18\0$e01-apr-2010$fGBP29.70$g0$hP$5Uk
=ACF  \\$aPrevious copyright fee: GBP26.67$c18\0$e01-oct-2009$fGBP26.67$g0$hP$5Uk
=ACF  \\$aPrevious copyright fee: GBP31.43$c18\0$e01-apr-2009$fGBP31.43$g0$hP$5Uk
=ACF  \\$aPrevious copyright fee: GBP27.50$c18\0$e01-jan-2009$fGBP27.50$g0$hP$5Uk
=ACF  \\$aPrevious copyright fee: GBP22.00$c18\0$e01-jul-2007$fGBP22.00$g0$hP$5Uk
=ACF  \\$aPrevious copyright fee: GBP22.56$c18\0$e01-apr-2007$fGBP22.56$g0$hP$5Uk
=ACF  \\$aPrevious copyright fee: GBP23.79$c18\0$e01-jan-2007$fGBP23.79$g0$hP$5Uk
=ACF  \\$aPrevious Copyright Fee: GBP22.70$c18\0$e05-oct-2006$fGBP22.70$g0$hP$5Uk
=ACF  \\$aPrevious copyright fee: GBP32.90$c18\0$e01-jan-2012$fGBP32.90$g0$hP$5Uk
=ACF  \\$aPrevious copyright fee: GBP30.91$c18\0$e01-jul-2012$fGBP30.91$g0$hP$5Uk
=ACF  \\$aPrevious copyright fee: GBP31.88$c18\0$e01-jan-2013$fGBP31.88$g0$hP$5Uk
=ACF  \\$aPrevious copyright fee: GBP32.90$c18\0$e01-jul-2013$fGBP32.90$g0$hP$5Uk
=ACF  \\$aPrevious copyright fee: GBP31.88$c18\0$e01-jan-2014$fGBP31.88$g0$hP$5Uk
=ACF  \\$aPrevious copyright fee: GBP30.91$c18\0$e01-jul-2014$fGBP30.91$g0$hP$5Uk
=ACF  \\$aPrevious copyright fee: GBP32.90$c18\0$e01-apr-2015$fGBP32.90$g0$hP$5Uk
=ACF  \\$aPrevious copyright fee: GBP34.00$c18\0$e01-jul-2015$fGBP34.00$g0$hP$5Uk
=ACF  \\$aPrevious copyright fee: GBP32.90$c18\0$e01-oct-2015$fGBP32.90$g0$hP$5Uk
=ACF  \\$aPrevious copyright fee: GBP35.17$c18\0$e01-apr-2016$fGBP35.17$g0$hP$5Uk
=ACF  \\$aPrevious copyright fee: GBP37.78$c18\0$e01-oct-2016$fGBP37.78$g0$hP$5Uk
=ACF  \\$aPrevious copyright fee: GBP40.80$c18\0$e01-apr-2017$fGBP40.80$g0$hP$5Uk
=ACF  \\$aPrevious copyright fee: GBP39.23$c18\0$e01-oct-2017$fGBP39.23$g0$hP$5Uk
=ACF  \\$aPrevious copyright fee: GBP36.43$c18\0$e01-apr-2018$fGBP36.43$g0$hP$5Uk
=ACF  \\$aPrevious copyright fee: GBP39.23$c18\0$e01-oct-2018$fGBP39.23$g0$hP$5Uk
=ACF  \\$aPrevious copyright fee: GBP40.80$c18\0$e01-oct-2019$fGBP40.80$g0$hP$5Uk
=ACF  \\$aPrevious copyright fee: GBP39.23$c18\0$e01-apr-2020$fGBP39.23$g0$hP$5Uk
=ACF  \\$aPrevious copyright fee: GBP40.80$c18\0$e01-jul-2020$fGBP40.80$g0$hP$5Uk
=ACF  \\$aPrevious copyright fee: GBP37.78$c18\0$e01-apr-2021$fGBP37.78$g0$hP$5Uk
=ACF  \\$aPrevious copyright fee: GBP36.43$c18\0$e07-jul-2021$fGBP36.43$g0$hP$5Uk
=CAT  \\$a7174$b40$c20061005$lBLL01$h1550
=CAT  \\$aBATCH-UPD$b40$c20160824$lBLL01$h1731
=CAT  \\$aIPL-CLA$c20160930$lBLL01$h1609
=CAT  \\$aBATCH-UPD$b00$c20170216$lBLL01$h1819
=CAT  \\$aIPL-CLA$c20170331$lBLL01$h1850
=CAT  \\$aBATCH-UPD$b00$c20170904$lBLL01$h1823
=CAT  \\$aIPL-CLA$c20170929$lBLL01$h1734
=CAT  \\$aBATCH-UPD$b00$c20180223$lBLL01$h1639
=CAT  \\$aIPL-CLA$c20180331$lBLL01$h1626
=CAT  \\$aBATCH-UPD$b00$c20180823$lBLL01$h1923
=CAT  \\$aIPL-CLA$c20180930$lBLL01$h1504
=CAT  \\$a8055$b40$c20181130$lBLL01$h1132
=CAT  \\$aBATCH-UPD$b40$c20190829$lBLL01$h1509
=CAT  \\$aIPL-CLA$c20190930$lBLL01$h1640
=CAT  \\$aBATCH-UPD$b00$c20200219$lBLL01$h1453
=CAT  \\$aIPL-CLA$c20200331$lBLL01$h1616
=CAT  \\$aBATCH-UPD$b00$c20200522$lBLL01$h1441
=CAT  \\$aIPL-CLA$c20200701$lBLL01$h0058
=CAT  \\$aBATCH-UPD$b00$c20210226$lBLL01$h1022
=CAT  \\$aIPL-CLA$c20210331$lBLL01$h1700
=CAT  \\$aBATCH-UPD$b00$c20210707$lBLL01$h1546
=CAT  \\$aIPL-CLA$c20210707$lBLL01$h1843
=CAT  \\$aBATCH-UPD$b00$c20220520$lBLL01$h1622
=CAT  \\$aIPL-CLA$c20220630$lBLL01$h1537
=CAT  \\$aBATCH-UPD$b00$c20220824$lBLL01$h0851
=CAT  \\$aIPL-CLA$c20220930$lBLL01$h1427
=CFI  0\$aCurrent copyright fee: GBP42.50$c18\0$e01-oct-2022$fGBP42.50$g0$hP$5Uk
=CFI  2\$aPrevious copyright fee: GBP40.80$c18\0$e01-jul-2022$fGBP40.80$g0$hP$5Uk
=EST  \\$a1
=FFP  \\$aY$bBLDSS-3PM
=FIN  \\$aY$d20160503
=FMT  \\$a  SE
=LAS  \\$aIPL-CLA$b00$c20220930$lBLL01$h1427
=LKR  \\$aPAR$b012434690$lBLL01$nPediatric endosurgery & innovative techniques$mJournal of laparoendoscopic & advanced surgical techniques$r78004
=LKR  \\$aPAR$b012433950$lBLL01$r78004$mJournal of laparoendoscopic & advanced surgical techniques.$nJournal of laparoendoscopic & advanced surgical techniques. Part A
=LKR  \\$aPAR$b013440972$lBLL01$r776$mJournal of laparoendoscopic & advanced surgical techniques (Online)$nJournal of laparoendoscopic & advanced surgical techniques (Print)
=MNI  \\$a1092-6429
=TCO  \\$aTRS$bCCC$c008
=TOC  \\$aETOC
=UNO  \\$aY

