=LDR  02978cas a22007337a 4500
=001  013615295
=003  Uk
=005  20151103085812.0
=007  ta
=008  061130c20059999tu\tr\p\\\\\\\0\\\b0mul\\
=022  \\$y1305-2381
=040  \\$aUk$beng$cUk
=041  0\$atur$beng
=245  00$aNobel medicus.
=260  \\$aIstanbul :$bNobel Ilaç,$c2005-
=300  \\$av. :$bill. (some col.), ports. ;$c30 cm.
=310  \\$aThree issues yearly
=336  \\$atext$2rdacontent
=337  \\$aunmediated$2rdamedia
=338  \\$avolume$2rdacarrier
=362  0\$aCilt 1, sayı 1 (Ocak/Nisan 2005)- = 01-
=540  \\$aBritish Library not licensed to copy$c0$5Uk
=546  \\$aText in Turkish with abstracts in English. Table of contents in parallel Turkish and English.
=650  \0$aMedicine$vPeriodicals.
=852  41$aBritish Library$bDSC$j6114.415000$3Cilt 1, Sayi 1 (2005)-Cilt 3, Sayi 1 (2007), Cilt 3, Sayi 2 (2007)-
=945  \\$aNobel medicus
=959  \\$fCurrently received
=985  \\$aISSN UK: Scans sent to ISSN Turkey for ISSN record completion (Richard (Leeds), 18/09/15). No response @ 3/11/15, 2nd email sent.
=ACF  \\$aPrevious copyright fee: GBP9.00$c0$e01-apr-2010$fGBP9.00$g0$hA$5Uk
=ACF  \\$aPrevious copyright fee: GBP6.00$c0$e01-apr-2008$fGBP6.00$g0$hA$5Uk
=ACF  \\$aPrevious Copyright Fee: GBP5.00$c0$e30-nov-2006$fGBP5.00$g0$hA$5Uk
=CAT  \\$a6810$b40$c20061130$lBLL01$h1536
=CAT  \\$a6738$b40$c20070515$lBLL01$h1601
=CAT  \\$a6738$b40$c20070516$lBLL01$h1557
=CAT  \\$a5867$b40$c20070517$lBLL01$h1118
=CAT  \\$a11315$b40$c20070518$lBLL01$h1059
=CAT  \\$a9599$b40$c20080222$lBLL01$h1228
=CAT  \\$aBATCH-UPD$b40$c20080223$lBLL01$h2250
=CAT  \\$aBATCH-UPD$b40$c20080226$lBLL01$h0214
=CAT  \\$a8028$b40$c20080229$lBLL01$h1410
=CAT  \\$aBATCH-UPD$b40$c20080330$lBLL01$h0817
=CAT  \\$aBATCH-UPD$b40$c20080330$lBLL01$h1610
=CAT  \\$aBATCH$b00$c20080330$lBLL01$h2311
=CAT  \\$aBATCH-UPD$b00$c20100226$lBLL01$h0149
=CAT  \\$aBATCH-UPD$b00$c20100331$lBLL01$h2342
=CAT  \\$aBATCH-UPD$b00$c20100401$lBLL01$h0258
=CAT  \\$aBATCH$b00$c20100401$lBLL01$h0602
=CAT  \\$aBATCH$b00$c20100401$lBLL01$h1634
=CAT  \\$aBATCH-UPD$b00$c20101124$lBLL01$h1949
=CAT  \\$aBATCH-UPD$b00$c20101125$lBLL01$h1215
=CAT  \\$aIPL-CLA$c20101231$lBLL01$h1520
=CAT  \\$aBATCH-UPD$b00$c20110907$lBLL01$h1828
=CAT  \\$aIPL-CLA$c20110908$lBLL01$h1743
=CAT  \\$aBATCH-CLA$b00$c20121109$lBLL01$h1726
=CAT  \\$aWR12_168$c20121206$lBLL01$h1817
=CAT  \\$a10806$b40$c20150918$lBLL01$h1157
=CAT  \\$a10806$b40$c20151103$lBLL01$h0858
=CFI  0\$aBritish Library not licensed to copy$c0$e07-sep-2011$hC$iTX$5Uk
=CFI  2\$aPrevious copyright fee: GBP10.50$c0$e01-jan-2011$fGBP10.50$g0$hA$5Uk
=FIN  \\$aY$d20070518
=FMT  \\$a  SE
=LAS  \\$a10806$b40$c20151103$lBLL01$h0858
=TCO  \\$aXXX$c008
=TOC  \\$aETOC

