=LDR  06270cas a2201345 a 4500
=001  013620940
=003  Uk
=005  20230210010528.0
=007  ta
=008  820208c19809999enkmr\p\\\\\\\0\\\a0eng\\
=015  \\$aGB8204903$2bnb
=019  c\$a2212401
=019  y\$aB8204903
=019  9\$ab8204903
=019  0\$as168403005
=022  0\$a0262-4575$y0951-6263
=039  0\$a1675
=040  \\$aUk$cUk$dUk
=043  \\$ae-uk---
=082  04$a338.47693832$219
=082  04$a695$221
=084  \\$aWP 50$2blsrissc
=084  \\$aWR 78$2blsrissc
=222  \0$aRoofing, cladding & insulation$b(1980)
=245  00$aRoofing, cladding & insulation :$bRCI.
=246  3\$aRoofing, cladding and insulation
=246  13$aRCI
=260  \\$aStanford-le-Hope :$bPatey Doyle (Publishing) Ltd,$c1980-
=264  31$aSevenoaks, Kent :$bUnity Business Press
=300  \\$billustrations (black and white, and colour) ;$c30-31 cm.
=310  \\$aMonthly,$b<2011>-
=321  \\$aTen issues yearly
=336  \\$atext$2rdacontent
=337  \\$aunmediated$2rdamedia
=338  \\$avolume$2rdacarrier
=362  0\$aMar. 1980-
=540  \\$aCurrent Copyright Fee: GBP25.00$c0$5Uk
=588  \\$aDescription based on: July/Aug. 1981 issue.
=588  \\$aLatest issue consulted: April 2017.
=595  \\$aSEE ALSO SERIAL RECORDS SHIRL AND OXULS.
=650  \0$aRoofing industry$zGreat Britain$vPeriodicals.
=650  \0$aRoofs$zGreat Britain$xThermal properties$vPeriodicals.
=653  \\$aGreat Britain$aRoof insulation industries & trades$aSerials
=690  7\$aManagement and Business Studies$2blcoll
=852  71$aBritish Library$bSTI$k(P)$hWP 50$m-E(6)$2blsrissc$3Jul./Aug. (1981)-Apr. (2016); Apr. (2017)-***Deficient: Sept.,1983; Mar., Apr.1984; Sept.,1989; Jan.1990; Apr., May, 1990; Aug., Sept., 1995
=852  71$aBritish Library$bSTI$k(TP)$hWP 50$m-E(6)$2blsrissc$3July/Aug. 1981- ; Deficient: Sept.,1983; Mar., Apr.1984; Sept.,1989; Jan.1990; Apr., May, 1990; Aug., Sept., 1995***Accompanying CD-ROM
=852  41$aBritish Library$bDSC$j8021.950000$3Jan. 1982- Nov. 1982 ; Jan. 1984- Nov. 1984 ; June 1986- July/Aug. 1999
=945  \\$aRoofing cladding and insulation.
=959  \\$fHeld but not currently received
=963  \\$aJAN. 1982- *A=1$bN$cL436.B.714
=985  \\$aDo not merge with ISSN records.
=985  \\$aRecord merged by DQ team
=ACF  \\$aPrevious Copyright Fee: GBP12.00$c0$e01-apr-2012$fGBP12.00$g0$hC$5Uk
=ACF  \\$aPrevious Copyright Fee: GBP12.00$c0$e01-jan-2012$fGBP12.00$g0$hC$5Uk
=ACF  \\$aPrevious Copyright Fee: GBP10.50$c0$e01-oct-2011$fGBP10.50$g0$hC$5Uk
=ACF  \\$aPrevious Copyright Fee: GBP10.50$c0$e01-jul-2011$fGBP10.50$g0$hC$5Uk
=ACF  \\$aPrevious Copyright Fee: GBP10.50$c0$e01-apr-2011$fGBP10.50$g0$hC$5Uk
=ACF  \\$aPrevious Copyright Fee: GBP10.50$c0$e01-jan-2011$fGBP10.50$g0$hC$5Uk
=ACF  \\$aPrevious Copyright Fee: GBP9.00$c0$e01-oct-2010$fGBP9.00$g0$hC$5Uk
=ACF  \\$aPrevious Copyright Fee: GBP9.00$c0$e01-jul-2010$fGBP9.00$g0$hC$5Uk
=ACF  \\$aPrevious Copyright Fee: GBP9.00$c0$e01-apr-2010$fGBP9.00$g0$hC$5Uk
=ACF  \\$aPrevious Copyright Fee: GBP9.00$c0$e01-Jan-2010$fGBP9.00$g0$hC$5Uk
=ACF  \\$aPrevious Copyright Fee: GBP6.00$c0$e01-oct-2009$fGBP6.00$g0$hC$5Uk
=ACF  \\$aPrevious Copyright Fee: GBP6.00$c0$e01-jul-2009$fGBP6.00$g0$hC$5Uk
=ACF  \\$aPrevious Copyright Fee: GBP6.00$c0$e01-apr-2009$fGBP6.00$g0$hC$5Uk
=ACF  \\$aPrevious Copyright Fee: GBP6.00$c0$e01-jan-2009$fGBP6.00$g0$hC$5Uk
=ACF  \\$aPrevious Copyright Fee: GBP5.00$c0$e01-oct-2007$fGBP5.00$g0$hC$5Uk
=ACF  \\$aPrevious Copyright Fee: GBP5.00$c0$e01-jul-2007$fGBP5.00$g0$hC$5Uk
=ACF  \\$aPrevious Copyright Fee: GBP5.00$c0$e01-apr-2007$fGBP5.00$g0$hC$5Uk
=ACF  \\$aPrevious copyright fee: GBP5.00$c0$e01-jul-2002$fGBP5.00$g0$hC$5Uk
=ACF  \\$aCurrent copyright fee: GBP2.50$c0$e01-jul-1998$fGBP2.50$g0$hC$5Uk
=ACF  \\$aCurrent copyright fee: GBP2.30$c0$e01-apr-1997$fGBP2.30$g0$hC$5Uk
=ACF  \\$aPrevious Copyright Fee: GBP12.00$c0$e01-jul-2012$fGBP12.00$g0$hC$5Uk
=ACF  \\$aPrevious Copyright Fee: GBP12.00$c0$e01-oct-2012$fGBP12.00$g0$hC$5Uk
=ACF  \\$aPrevious Copyright Fee: GBP12.30$c0$e01-jan-2014$fGBP12.30$g0$hC$5Uk
=ACF  \\$aPrevious Copyright Fee: GBP15.00$c0$e01-jan-2017$fGBP15.00$g0$hC$5Uk
=ACF  \\$aPrevious Copyright Fee: GBP25.00$c0$e01-oct-2017$fGBP25.00$g0$hC$5Uk
=CAT  \\$a8456$b40$c20061207$lBLL01$h1429
=CAT  \\$aIPL-CLA$c20110930$lBLL01$h1551
=CAT  \\$aBATCH-CLA$b00$c20111130$lBLL01$h1218
=CAT  \\$aBATCH-CLA$b00$c20111130$lBLL01$h1220
=CAT  \\$aIPL-CLA$c20111230$lBLL01$h2026
=CAT  \\$aBATCH-CLA$b00$c20120229$lBLL01$h1630
=CAT  \\$aBATCH-CLA$b00$c20120229$lBLL01$h1639
=CAT  \\$aIPL-CLA$c20120330$lBLL01$h1438
=CAT  \\$aBATCH-CLA$b00$c20120531$lBLL01$h1721
=CAT  \\$aIPL-CLA$c20120629$lBLL01$h1036
=CAT  \\$aBATCH-CLA$b00$c20120831$lBLL01$h1551
=CAT  \\$aIPL-CLA$c20120930$lBLL01$h2126
=CAT  \\$aBATCH-CLA$b00$c20121109$lBLL01$h1725
=CAT  \\$aWR13.005$c20130323$lBLL01$h1504
=CAT  \\$aBATCH-CLA$b00$c20131129$lBLL01$h1659
=CAT  \\$aIPL-CLA$c20140101$lBLL01$h0011
=CAT  \\$a8323$b40$c20140224$lBLL01$h1314
=CAT  \\$aBATCH-CLA$b00$c20161130$lBLL01$h1646
=CAT  \\$aIPL-CLA$c20161230$lBLL01$h2207
=CAT  \\$a5110$b40$c20170608$lBLL01$h1435
=CAT  \\$aBATCH-CLA$b00$c20170831$lBLL01$h1633
=CAT  \\$aIPL-CLA$c20170929$lBLL01$h1735
=CAT  \\$aBATCH-CLA$b00$c20221130$lBLL01$h1458
=CAT  \\$aIPL-CLA$c20221231$lBLL01$h2130
=CAT  \\$aBATCH-CLA$b00$c20230209$lBLL01$h1544
=CAT  \\$aIPL-CLA$c20230210$lBLL01$h0105
=CFI  0\$aCurrent Copyright Fee: GBP25.00$c0$e09-feb-2023$fGBP25.00$g0$hC$5Uk
=CFI  2\$aBritish Library not licensed to copy$c0$e01-jan-2023$hC$iCFP Excluded$5Uk
=FIN  \\$aY
=FMT  \\$a  SE
=LAS  \\$aIPL-CLA$b00$c20230210$lBLL01$h0105
=LEO  \\$aMP25.0000069283
=LEO  \\$aMP10.0000515131
=LEO  \\$aMP5.0000519460
=SRC  \\$aSRI01$bbibmp25.200404.2.aa
=SRC  \\$aDSS01$bbibmp10.200404.2.aa
=SRC  \\$aBNB03$bbibmp5.200404.2.aa
=TCO  \\$aCLA$bCLA$c008

