=LDR  01302 as a22003497a 4500
=001  013632115
=003  Uk
=005  20090302091006.0
=007  ta
=008  061222d199u200uenkuu\p\\\\\\\0\\\a0spa\\
=040  \\$aUk$beng$cUk
=245  00$aReforma Penal Internacional :$bboletín de Reforma Penal Internacional.
=246  13$aBoletín de Reforma Penal Internacional
=260  \\$aLondon :$bReforma Penal Internacional
=300  \\$av. :$bill.$c30 cm.
=336  \\$atext$2rdacontent
=337  \\$aunmediated$2rdamedia
=338  \\$avolume$2rdacarrier
=500  \\$aDescription based on: No. 53 (verrano 2003).
=650  \0$aCriminal justice, Administration of$vPeriodicals.
=650  \0$aPrisons$vPeriodicals.
=710  2\$aPenal Reform International.
=852  41$aBritish Library$bHMNTS$jZK.9.b.24689$3Numero 53 (2003)-Numero 57 (2007)
=985  \\$aSuspect this is a Spanish edition of "PRI newsletter" - but no evidence. Wrongly printing ISSN 1607-1727 which is assigned to PRI newsletter.
=CAT  \\$a8128$b40$c20061222$lBLL01$h1346
=CAT  \\$a8128$b40$c20070103$lBLL01$h1121
=CAT  \\$a7792$b40$c20090224$lBLL01$h0840
=CAT  \\$a7792$b40$c20090302$lBLL01$h0910
=FIN  \\$aY$d20070103
=FMT  \\$a  SE
=LAS  \\$a7792$b40$c20090302$lBLL01$h0910
=TCO  \\$aCLA$bCLA$c008

