=LDR  04097cas a2200985 i 4500
=001  013635289
=003  Uk
=005  20230324095732.0
=007  ta
=008  991116c199u9999nyufr\j\\\\\\\0\\\a0eng\\
=010  \\$a   98945027 
=022  \\$a1675-6886
=035  \\$a(OCoLC)ocm42831915
=040  \\$aDLC$beng$cDLC$dDLC$dOCLCQ$dOCLCF$dOCLCO$dW2U$dGILDS$dOCLCQ$dUk$erda
=042  \\$aukblsr
=043  \\$aa------
=050  00$aNA1460$b.A74
=082  04$a720.95$223
=245  00$aArchitecture Asia :$ba journal of the Architects Regional Council Asia (ARCASIA).
=246  30$aJournal of the Architects Regional Council Asia
=264  \1$aKuala Lumpur :$bPublished by Pertubuhan Akitek Malaysia on behalf of ARCASIA
=264  21$aBeijing :$bThe Architectural Society of China ;$aShanghai :$bTongji University
=264  21$aNew York, NY :$bThe Images Publishing Group/ACC Art Books
=264  31$3<2021-> :$aBeijing :$bThe Architectural Society of China$aShanghai :$bTongji University
=300  \\$billustrations (black and white, and colour) ;$c28 cm
=310  \\$aSemiannual
=321  \\$aQuarterly
=336  \\$atext$2rdacontent
=336  \\$astill image$2rdacontent
=337  \\$aunmediated$2rdamedia
=338  \\$avolume$2rdacarrier
=500  \\$aFrom 2020, published as special issues with individual titles.
=540  \\$aBritish Library not licensed to copy$c0$5Uk
=588  \\$aDescription based on: Aug./Sept. 1998; title from cover.
=588  \\$aLatest issue consulted: December 2021 [Arcasia Awards for Architecture 2021].
=595  \\$aSee card index
=650  \0$aArchitecture$zAsia$vPeriodicals.
=650  \7$aArchitecture.$2fast$0(OCoLC)fst00813346
=651  \7$aAsia.$2fast$0(OCoLC)fst01240495
=655  \7$aPeriodicals.$2fast$0(OCoLC)fst01411641
=655  \7$aPeriodicals.$2lcgft
=710  2\$aPertubuhan Akitek Malaysia.
=710  2\$aArchitects Regional Council, Asia.
=710  2\$aZhongguo jian zhu xue hui.
=710  2\$aTong ji da xue (China)
=710  2\$aTJAD (Firm)
=852  41$aBritish Library$bHMNTS$jZC.9.b.11187$32021
=945  \\$aArchitecture Asia
=979  \\$aBritish Library$cDSC$j1601.750000N
=985  \\$aUnreported ISSN (Malaysian National Centre) on Portal; no key title added.
=985  \\$aSeptember 2021 entitled "Living in the 21st Century".
=ACF  \\$aPrevious copyright fee: GBP9.00$c0$e01-apr-2010$fGBP9.00$g0$hA$5Uk
=ACF  \\$aPrevious copyright fee: GBP6.00$c0$e01-apr-2008$fGBP6.00$g0$hA$5Uk
=ACF  \\$aPrevious copyright fee: GBP5.00$c0$e03-jan-2007$fGBP5.00$g0$hA$5Uk
=CAT  \\$a8291$b40$c20070103$lBLL01$h1449
=CAT  \\$aBATCH-UPD$b40$c20080223$lBLL01$h2259
=CAT  \\$aBATCH-UPD$b40$c20080226$lBLL01$h0225
=CAT  \\$a5552$b40$c20080311$lBLL01$h1456
=CAT  \\$aBATCH-UPD$b40$c20080330$lBLL01$h0817
=CAT  \\$aBATCH-UPD$b40$c20080330$lBLL01$h1611
=CAT  \\$aBATCH$b00$c20080330$lBLL01$h2311
=CAT  \\$aBATCH-UPD$b00$c20100226$lBLL01$h0149
=CAT  \\$aBATCH-UPD$b00$c20100331$lBLL01$h2342
=CAT  \\$aBATCH-UPD$b00$c20100401$lBLL01$h0258
=CAT  \\$aBATCH$b00$c20100401$lBLL01$h0602
=CAT  \\$aBATCH$b00$c20100401$lBLL01$h1635
=CAT  \\$aBATCH-UPD$b00$c20101124$lBLL01$h1949
=CAT  \\$aBATCH-UPD$b00$c20101125$lBLL01$h1215
=CAT  \\$aIPL-CLA$c20101231$lBLL01$h1521
=CAT  \\$aBATCH-UPD$b00$c20110907$lBLL01$h1829
=CAT  \\$aIPL-CLA$c20110908$lBLL01$h1743
=CAT  \\$aBATCH-CLA$b00$c20121109$lBLL01$h1725
=CAT  \\$aW1711-1225$c20171203$lBLL01$h1025
=CAT  \\$a11205$b40$c20230131$lBLL01$h1617
=CAT  \\$a11205$b40$c20230131$lBLL01$h1625
=CAT  \\$a11205$b40$c20230131$lBLL01$h1628
=CAT  \\$a8483$b40$c20230324$lBLL01$h0951
=CAT  \\$a8483$b40$c20230324$lBLL01$h0957
=CFI  0\$aBritish Library not licensed to copy$c0$e07-sep-2011$hC$iTX$5Uk
=CFI  2\$aPrevious copyright fee: GBP10.50$c0$e01-jan-2011$fGBP10.50$g0$hA$5Uk
=FIN  \\$aY$d20230131
=FMT  \\$a  SE
=LAS  \\$a8483$b40$c20230324$lBLL01$h0957
=SID  \\$aZ39$bLOC
=TCO  \\$aXXX$c008

