=LDR  02308cas a2200541 a 4500
=001  013643287
=003  Uk
=005  20200207094237.0
=008  981015c19699999pl\\x\m\\\\\\\0\\\b0pol\d
=010  \\$a2001252406
=022  \\$a0137-1150$z0586-6189
=040  \\$aCUY$bpol$cCUY$dWAU$dNUKAT$dUk
=222  \0$aActa Universitatis Wratislaviensis. Slavica Wratislaviensia
=245  00$aSlavica Wratislaviensia.
=260  \\$aWrocław :$bWydawn. Uniwersytetu Wrocławskiego,$c1991-
=300  \\$av. ;$c24 cm.
=310  \\$aIrregular
=336  \\$atext$2rdacontent
=337  \\$aunmediated$2rdamedia
=338  \\$avolume$2rdacarrier
=362  1\$aBegan in 1969.
=490  1\$aActa Universitatis Wratislaviensis,$x0239-6661 ;$v2521, 2575, 2704, 2818, 2915, 3013, 3112, 3251, 3336, 3459, 3494, 3773.
=500  \\$aSome volumes have distinctive titles and are catalogued separately.
=555  \\$aVol. 1-v. 83 in v. 92, p. [1-45].
=650  \0$aSlavic philology$vPeriodicals.
=710  2\$aUniwersytet Wrocławski.
=830  \0$aActa Universitatis Wratislaviensis,$x0239-6661 ;$v2521, 2575, 2704, 2818, 2915, 3013, 3112, 3251, 3336, 3459
=852  41$aBritish Library$bHMNTS$jZF.9.a.4834
=985  \\$aRecorded amended to bring it in line with the ISSN Poland record. Since this record was created, ISSN 0586-6189 was cancelled by the Polish Centre (possibly due to an erroneous C/T). Thus 362 and 008 start date has also been amended from 1991 to 1969. ED 7/2/2020
=CAT  \\$a10695$b40$c20070113$lBLL01$h1419
=CAT  \\$a10695$b40$c20070115$lBLL01$h1119
=CAT  \\$a10695$b40$c20070115$lBLL01$h1646
=CAT  \\$a12420$b40$c20070726$lBLL01$h1109
=CAT  \\$a12420$b40$c20081024$lBLL01$h1330
=CAT  \\$a10695$b40$c20091105$lBLL01$h1119
=CAT  \\$aBATCH$b00$c20091217$lBLL01$h0444
=CAT  \\$aBATCH$b00$c20100103$lBLL01$h1237
=CAT  \\$a12420$b40$c20111109$lBLL01$h1441
=CAT  \\$a12420$b40$c20130624$lBLL01$h1104
=CAT  \\$a12420$b40$c20131127$lBLL01$h1434
=CAT  \\$a12420$b40$c20140123$lBLL01$h1544
=CAT  \\$a12420$b40$c20180314$lBLL01$h1154
=CAT  \\$a14712$b40$c20180314$lBLL01$h1200
=CAT  \\$a8483$b40$c20200207$lBLL01$h0942
=FIN  \\$aY$d20070113
=FMT  \\$a  SE
=LAS  \\$a8483$b40$c20200207$lBLL01$h0942
=TCO  \\$aXXX$c008

