=LDR  04713cas a2200949 a 4500
=001  013657703
=003  Uk
=005  20221231144809.0
=007  ta
=008  070201c20069999it\mr\p\\\\\\\0\\\b0ita\\
=022  0\$a1827-6806
=040  \\$aUk$beng$cUk
=042  \\$aukblsr
=082  04$a616.12005$222
=130  0\$aGiornale italiano di cardiologia (2006)
=210  0\$aG. ital. di cardiol.$b(2006. Testo stamp.)
=222  \0$aGiornale italiano di cardiologia (2006. Testo stampato)
=245  10$aGiornale italiano di cardiologia.
=260  \\$aRoma :$bCEPI,$c2006-
=300  \\$av. :$bill. (some col.) ;$c28 cm.
=310  \\$aMonthly
=336  \\$atext$2rdacontent
=337  \\$aunmediated$2rdamedia
=338  \\$avolume$2rdacarrier
=362  1\$aBegan in 2006.
=500  \\$aDescription based on: Vol. 10, no. 1 (genn. 2009).
=530  \\$aAlso issued online.
=540  \\$aCurrent Copyright Fee: GBP25.00$c0$5Uk
=550  \\$aOfficial journal of the Italian Federation of Cardiology, and: Official journal of the Italian Society for Cardiac Surgery.
=650  \0$aHeart$xDiseases$vPeriodicals.
=650  \0$aCardiology$vPeriodicals.
=710  2\$aFederazione italiana di cardiologia.
=710  2\$aSocietà italiana di chirurgia cardiaca.
=770  0\$tGiornale italiano di cardiologia. Supplemento$x1827-8981
=780  00$tItalian heart journal. Supplement$x1129-4728
=852  41$aBritish Library$bDSC$j4178.145000$3Volume 8, Numero 1 (2007)-
=945  \\$aGiornale italiano di cardiologia -new series-
=959  \\$fCurrently received
=985  \\$aThis has a difficult history. However, website for journal has archive with issues from 2000-. Issues for 2000-2005, despite having banner at top saying Giornale Italiano di cardiologia & bearing online ISSN for this title (which doesn't apply till 2006), are listed as IHJ supplement and when articles are opened, they have Ital Heart j. suppl at header. Therefore done as c/t from Ital Heart j suppl. No evidence Giorn, Ital. Cardiol. title continues through from the 1971 one (on#009191127), especially given that new ISSN applies from 2006 - CS 11/03/09. If more evidence emerges please pass back to cataloguing
=ACF  \\$aPrevious copyright fee: GBP9.00$c0$e01-apr-2010$fGBP9.00$g0$hA$5Uk
=ACF  \\$aPrevious copyright fee: GBP6.00$c0$e01-apr-2008$fGBP6.00$g0$hA$5Uk
=ACF  \\$aPrevious Copyright Fee: GBP5.00$c0$e01-feb-2007$fGBP5.00$g0$hA$5Uk
=ACF  \\$aPrevious copyright fee: GBP10.50$c0$e01-jan-2011$fGBP10.50$g0$hA$5Uk
=ACF  \\$aPrevious copyright fee: GBP12.00$c0$e01-jan-2012$fGBP12.00$g0$hA$5Uk
=ACF  \\$aPrevious Copyright Fee: GBP12.30$c0$e01-jan-2014$fGBP12.30$g0$hA$5Uk
=ACF  \\$aPrevious Copyright Fee: GBP15.00$c0$e01-jan-2017$fGBP15.00$g0$hA$5Uk
=ACF  \\$aPrevious Copyright Fee: GBP17.50$c0$e01-jan-2018$fGBP17.50$g0$hA$5Uk
=ACF  \\$aPrevious Copyright Fee: GBP20.00$c0$e01-jan-2020$fGBP20.00$g0$hA$5Uk
=CAT  \\$a5270$b40$c20070201$lBLL01$h1143
=CAT  \\$aBATCH-UPD$b40$c20100226$lBLL01$h0149
=CAT  \\$aBATCH-UPD$b40$c20100331$lBLL01$h2342
=CAT  \\$aBATCH-UPD$b40$c20100401$lBLL01$h0258
=CAT  \\$aBATCH$b00$c20100401$lBLL01$h0602
=CAT  \\$aBATCH$b00$c20100401$lBLL01$h1635
=CAT  \\$aBATCH-UPD$b00$c20101124$lBLL01$h1949
=CAT  \\$aBATCH-UPD$b00$c20101125$lBLL01$h1215
=CAT  \\$aIPL-CLA$c20101231$lBLL01$h1521
=CAT  \\$aWR11_203$c20111204$lBLL01$h1511
=CAT  \\$aIPL-CLA$c20111230$lBLL01$h2026
=CAT  \\$aBATCH-CLA$b00$c20121109$lBLL01$h1725
=CAT  \\$aWR12_168$c20121206$lBLL01$h1817
=CAT  \\$aBATCH-CLA$c20131220$lBLL01$h2041
=CAT  \\$aIPL-CLA$c20140101$lBLL01$h0014
=CAT  \\$aBATCH-CLA$b00$c20161222$lBLL01$h1812
=CAT  \\$aIPL-CLA$c20161230$lBLL01$h2210
=CAT  \\$aBATCH-CLA$b00$c20171222$lBLL01$h2135
=CAT  \\$aIPL-CLA$c20171231$lBLL01$h1702
=CAT  \\$aBATCH-CLA$b00$c20191219$lBLL01$h1738
=CAT  \\$aIPL-CLA$c20191231$lBLL01$h1944
=CAT  \\$aR2001-1524$c20200127$lBLL01$h2021
=CAT  \\$aBATCH-CLA$b00$c20201204$lBLL01$h1541
=CAT  \\$aIPL-CLA$c20201231$lBLL01$h1530
=CAT  \\$aBATCH-CLA$b00$c20221221$lBLL01$h1851
=CAT  \\$aIPL-CLA$c20221231$lBLL01$h1448
=CFI  0\$aCurrent Copyright Fee: GBP25.00$c0$e01-jan-2023$fGBP25.00$g0$hA$5Uk
=CFI  2\$aPrevious Copyright Fee: GBP22.50$c0$e01-jan-2021$fGBP22.50$g0$hA$5Uk
=FIN  \\$aY$d20090225
=FMT  \\$a  SE
=LAS  \\$aIPL-CLA$b00$c20221231$lBLL01$h1448
=LKR  \\$aPAR$b010478946$lBLL01$r78000$nItalian heart journal. Supplement.$mGiornale italiano di cardiologia (2006. Testo stampato)
=TCO  \\$aITA$bAIDRO / SIAE$c008
=TOC  \\$aETOC

