=LDR  04268caa a22008777a 4500
=001  013680236
=003  Uk
=005  20211231172208.0
=008  070222s2007\\\\xxu\\\\\\\\\\\100\0\eng\\
=040  \\$aUk$beng$cUk
=245  00$aResearch at Renal Week examines links between the kidney and cardiovascular disease :$bat the 39th annual meeting of the American Society of Nephrology.
=260  \\$bAscend Media Healthcare,$c2007.
=300  \\$ap. 5 and 10.
=336  \\$atext$2rdacontent
=337  \\$aunmediated$2rdamedia
=338  \\$avolume$2rdacarrier
=540  \\$aCurrent Copyright Fee: GBP23.36$c0$5Uk
=591  \\$aReport.
=653  1\$aRenal disease
=653  1\$aKidney disease
=653  1\$aNephrology
=653  1\$aCardiovascular disease
=710  2\$aAmerican Society of Nephrology.
=852  41$aBritish Library$bDSC$j3051.433850
=985  \\$aCardiology review -New York then Jamesburgh-, ISSN 1092-6607 ; vol 24 no 1 2007
=ACF  \\$aPrevious Copyright Fee: GBP9.70$c0$e01-jul-2012$fGBP9.70$g0$hC$5Uk
=ACF  \\$aPrevious Copyright Fee: GBP9.60$c0$e01-oct-2013$fGBP9.60$g0$hC$5Uk
=ACF  \\$aPrevious Copyright Fee: GBP10.00$c0$e01-jan-2014$fGBP10.00$g0$hC$5Uk
=ACF  \\$aPrevious Copyright Fee: GBP9.70$c0$e01-jul-2014$fGBP9.70$g0$hC$5Uk
=ACF  \\$aPrevious Copyright Fee: GBP10.67$c0$e01-apr-2015$fGBP10.67$g0$hC$5Uk
=ACF  \\$aPrevious Copyright Fee: GBP10.32$c0$e01-oct-2015$fGBP10.32$g0$hC$5Uk
=ACF  \\$aPrevious Copyright Fee: GBP11.03$c0$e01-apr-2016$fGBP11.03$g0$hC$5Uk
=ACF  \\$aPrevious Copyright Fee: GBP11.85$c0$e01-oct-2016$fGBP11.85$g0$hC$5Uk
=ACF  \\$aPrevious Copyright Fee: GBP12.80$c0$e01-apr-2017$fGBP12.80$g0$hC$5Uk
=ACF  \\$aPrevious Copyright Fee: GBP12.16$c0$e01-oct-2017$fGBP12.16$g0$hC$5Uk
=ACF  \\$aPrevious Copyright Fee: GBP12.31$c0$e01-jan-2018$fGBP12.31$g0$hC$5Uk
=ACF  \\$aPrevious Copyright Fee: GBP11.43$c0$e01-apr-2018$fGBP11.43$g0$hC$5Uk
=ACF  \\$aPrevious Copyright Fee: GBP12.31$c0$e01-oct-2018$fGBP12.31$g0$hC$5Uk
=ACF  \\$aPrevious Copyright Fee: GBP12.80$c0$e01-oct-2019$fGBP12.80$g0$hC$5Uk
=ACF  \\$aPrevious Copyright Fee: GBP12.31$c0$e01-apr-2020$fGBP12.31$g0$hC$5Uk
=ACF  \\$aPrevious Copyright Fee: GBP25.60$c0$e01-jul-2020$fGBP25.60$g0$hC$5Uk
=ACF  \\$aPrevious Copyright Fee: GBP23.12$c0$e01-jul-2021$fGBP23.12$g0$hC$5Uk
=CAT  \\$a7153$b40$c20070222$lBLL01$h1336
=CAT  \\$aIPL-CLA$c20160331$lBLL01$h1738
=CAT  \\$aBATCH-CLA$b00$c20160926$lBLL01$h1721
=CAT  \\$aIPL-CLA$c20160930$lBLL01$h1611
=CAT  \\$aBATCH-CLA$b00$c20170321$lBLL01$h1747
=CAT  \\$aIPL-CLA$c20170331$lBLL01$h1851
=CAT  \\$aBATCH-CLA$b00$c20170921$lBLL01$h1832
=CAT  \\$aIPL-CLA$c20170929$lBLL01$h1736
=CAT  \\$aBATCH-CLA$b00$c20171221$lBLL01$h1315
=CAT  \\$aIPL-CLA$c20171231$lBLL01$h1703
=CAT  \\$aBATCH-CLA$b00$c20180319$lBLL01$h1801
=CAT  \\$aIPL-CLA$c20180331$lBLL01$h1628
=CAT  \\$aBATCH-CLA$b00$c20180920$lBLL01$h1625
=CAT  \\$aIPL-CLA$c20180930$lBLL01$h1505
=CAT  \\$aBATCH-CLA$b00$c20190924$lBLL01$h1914
=CAT  \\$aIPL-CLA$c20190930$lBLL01$h1641
=CAT  \\$aBATCH-CLA$b00$c20200325$lBLL01$h1250
=CAT  \\$aIPL-CLA$c20200331$lBLL01$h1617
=CAT  \\$aBATCH-CLA$b00$c20200619$lBLL01$h1539
=CAT  \\$aIPL-CLA$c20200701$lBLL01$h0059
=CAT  \\$aBATCH-CLA$b00$c20210617$lBLL01$h1400
=CAT  \\$aIPL-CLA$c20210704$lBLL01$h1118
=CAT  \\$aBATCH-CLA$b00$c20210928$lBLL01$h1505
=CAT  \\$aIPL-CLA$c20210930$lBLL01$h1651
=CAT  \\$aBATCH-CLA$b00$c20211222$lBLL01$h1613
=CAT  \\$aIPL-CLA$c20211231$lBLL01$h1722
=CFI  0\$aCurrent Copyright Fee: GBP23.36$c0$e01-jan-2022$fGBP23.36$g0$hC$5Uk
=CFI  2\$aPrevious Copyright Fee: GBP22.72$c0$e01-oct-2021$fGBP22.72$g0$hC$5Uk
=CNF  \\$aRenal week$d(2006 Nov :$cSan Diego, CA)
=FIN  \\$aY$d20070222
=FMT  \\$a  BK
=LAS  \\$aIPL-CLA$b00$c20211231$lBLL01$h1722
=LKR  \\$aANA$b011743658$r773$lBLL01$nCardiology review -New York then Jamesburgh-.$mResearch at Renal Week examines links between the kidney and cardiovascular disease : at the 39th annual meeting of the American Society of Nephrology$y2007$v24$i1
=TCO  \\$aTRS$bCCC$c008

