=LDR  05429cas a2201213 a 4500
=001  013695674
=003  Uk
=005  20230319100152.0
=006  m\\\\\o\\d\\\\\\\\
=007  cr||||||||||||
=008  070329c20079999ne\br\pso\\\\\0\\\a0eng\c
=010  \\$a2007233436
=015  \\$aGBB352678$2bnb
=022  0\$a1751-486X
=035  \\$a(OCoLC)100125200
=037  \\$aISSN_17514851$bPortico$nWiley
=040  \\$aCYB$beng$cCYB$dGUA$dOCL$dOCLCQ$dTEF$dUk
=042  \\$aukblsr
=050  14$aRG951
=060  \4$aW1
=082  04$a618.10231$223
=130  0\$aNursing for women's health (Online)
=222  \0$aNursing for women's health$b(Online)
=245  10$aNursing for women's health$h[electronic resource].
=260  \\$aOxford :$bBlackwell,$c2007-
=264  21$aMalden MA :$bJohn Wiley & Sons Inc
=264  31$a[Amsterdam] :$bElsevier Inc.
=310  \\$aBimonthly
=336  \\$atext$2rdacontent
=337  \\$acomputer$2rdamedia
=338  \\$aonline resource$2rdacarrier
=362  0\$aVol. 11, issue 1 (Feb./Mar. 2007)-
=500  \\$aTitle from contents screen (Blackwell Synergy, viewed Apr. 5, 2007).
=538  \\$aMode of Access: World Wide Web.
=540  \\$aCurrent copyright fee: GBP34.30$c5\1$5Uk
=550  \\$aPublished on behalf of: the Association of Women's Health, Obstetric, and Neonatal Nurses (AWHONN).
=580  \\$aIncludes issues of earlier title: AWHONN lifelines.
=588  \\$aLatest issue consulted: volume 21, issue 4 (August/September 2017); Elsevier, viewed August 18, 2017.
=650  \0$aMaternity nursing$vPeriodicals.
=650  \0$aGynecologic nursing$vPeriodicals.
=650  \0$aNewborn infants$xCare$vPeriodicals.
=710  2\$aAssociation of Women's Health, Obstetric, and Neonatal Nurses.
=776  08$iPrint version:$tNursing for women's health$x1751-4851
=780  10$tAWHONN lifelines (Online)$x1552-6356
=852  41$aBritish Library$bDSC$j6187.135500$3Volume 11:Issue 1(2007)-Volume 21:Issue 6(2017)***See ESTAR for full holdings.
=852  41$aBritish Library$bHMNTS$jELD Digital store$3Volume 17:Issue 1(2013)-Volume 19:Issue 6(2015)
=856  \\$31850-9999$uhttp://onlinelibrary.wiley.com/$xBLDSS
=856  4\$uhttp://awhonnlifelines.awhonn.org$zlink no longer valid
=856  4\$uhttp://firstsearch.oclc.org$zAddress for accessing the journal using authorization number and password through OCLC FirstSearch Electronic Collections Online
=856  40$uhttp://onlinelibrary.wiley.com/journal/10.1111/(ISSN)1751-486X
=856  40$uhttp://www.blackwell-synergy.com/loi/life
=856  40$uhttp://www.blackwellpublishing.com/journal.asp?ref=1751-4851&site=1
=856  40$uhttp://nwhjournal.org/current
=859  \\$aELD$bejournal
=945  \\$aNursing for womens health
=959  \\$fHeld but not currently received
=979  \\$aBritish Library$bDSC$j6187.135500
=985  \\$aISSN transfered to the Netherlands from ISSN UK Centre, August 24, 2017.
=ACF  \\$aPrevious Copyright Fee: GBP16.00$c10\0$e14-mar-2007$fGBP16.00$g0$hP$5Uk
=ACF  \\$aPrevious copyright fee: GBP17.00$c10\0$e01-jan-2009$fGBP17.00$g0$hP$5Uk
=ACF  \\$aPrevious copyright fee: GBP24.00$c10\0$e01-mar-2015$fGBP24.00$g0$hP$5Uk
=ACF  \\$aPrevious copyright fee: GBP22.00$c10\0$e01-jan-2011$fGBP22.00$g0$hP$5Uk
=ACF  \\$aPrevious copyright fee: GBP22.50$c5\1$e11-dec-2015$fGBP22.50$g0$hP$5Uk
=ACF  \\$aPrevious copyright fee: GBP23.40$c5\1$e01-jan-2018$fGBP23.40$g0$hP$5Uk
=CAT  \\$a7174$b40$c20070314$lBLL01$h1326
=CAT  \\$a11316$b40$c20130603$lBLL01$h1203
=CAT  \\$a11316$b40$c20130603$lBLL01$h1211
=CAT  \\$a11316$b40$c20130603$lBLL01$h1215
=CAT  \\$aWR13.114$c20130717$lBLL01$h1313
=CAT  \\$aBATCH-PORT$c20130829$lBLL01$h1114
=CAT  \\$aBATCH-CLA$b00$c20140125$lBLL01$h1320
=CAT  \\$aWR14_009$c20140204$lBLL01$h2343
=CAT  \\$aBATCH-CLA$c20140225$lBLL01$h2329
=CAT  \\$aBLDSS-3PM$b00$c20141214$lBLL01$h1524
=CAT  \\$aBATCH-UPD$b00$c20150215$lBLL01$h1628
=CAT  \\$aIPL-CLA$c20150228$lBLL01$h2051
=CAT  \\$a5552$b40$c20151211$lBLL01$h0859
=CAT  \\$a8439$b40$c20151229$lBLL01$h1414
=CAT  \\$aBATCH-UPD$b40$c20160817$lBLL01$h1302
=CAT  \\$a11205$b40$c20170818$lBLL01$h1546
=CAT  \\$a11205$b40$c20170818$lBLL01$h1552
=CAT  \\$a11205$b40$c20170824$lBLL01$h1437
=CAT  \\$aBATCH-UPD$b40$c20171121$lBLL01$h1747
=CAT  \\$aW1711-1005$c20171206$lBLL01$h1820
=CAT  \\$aIPL-CLA$c20171231$lBLL01$h1704
=CAT  \\$aW1805-0471$c20180520$lBLL01$h1139
=CAT  \\$aBATCH-UPD$b00$c20190521$lBLL01$h1439
=CAT  \\$aIPL-CLA$c20190630$lBLL01$h1537
=CAT  \\$aBATCH-UPD$b00$c20211119$lBLL01$h1556
=CAT  \\$aIPL-CLA$c20211231$lBLL01$h1543
=CAT  \\$a5410$b40$c20230319$lBLL01$h1001
=CFI  0\$aCurrent copyright fee: GBP34.30$c5\1$e01-jan-2022$fGBP34.30$g0$hP$5Uk
=CFI  2\$aPrevious copyright fee: GBP32.84$c5\1$e01-jul-2019$fGBP32.84$g0$hP$5Uk
=EST  \\$a1
=FFP  \\$aY$bBLDSS-3PM
=FIN  \\$aY$d20130603
=FMT  \\$a  SE
=LAS  \\$a5410$b40$c20230319$lBLL01$h1001
=LKR  \\$aPAR$b013466619$lBLL01$r78010$mNursing for women's health$nAWHONN lifelines
=LKR  \\$aPAR$b013476863$lBLL01$r776$mNursing for women's health (Online)$nNursing for women's health (Print)
=MNI  \\$a1751-4851
=SID  \\$aZ39$bOCLC
=TCO  \\$aCLA$bCLA$c008
=TOC  \\$aETOC

