=LDR  05561cas a2201189 i 4500
=001  013714990
=003  Uk
=005  20221231144822.0
=006  m\\\\\\\\d\\\\\\\\
=007  cr\|||||||||||
=008  070417c20049999xxubr\p\o\\\\\0\\\a0eng\\
=022  0\$a1935-3804$y1547-0091
=040  \\$aUk$beng$cUk$erda
=042  \\$aukblsr
=082  04$a667.905$223
=222  \0$aJournal of coatings technology and research$b(Online)
=245  00$aJCT research.
=246  3\$aJournal of coatings technology research
=246  1\$iMinor title change:$aJournal of coatings technology and research$fVol. 4, no. 1 (Mar. 2007)-
=246  13$aJCTR
=260  \\$aBlue Bell, PA :$bFederation of Societies for Coatings Technology,$c2004-
=264  31$aNew York :$bSpringer US
=310  \\$aBimonthly,$b2010-
=321  \\$aQuarterly,$b-2009
=336  \\$atext$2rdacontent
=337  \\$acomputer$2rdamedia
=338  \\$aonline resource$2rdacarrier
=362  1\$aPrint began with: Vol. 1, no. 1 (Jan. 2004).
=500  \\$aPublished in cooperation with the American Coatings Association (ACA), <2015->.
=540  \\$aCurrent copyright fee: GBP29.95$c22\1$5Uk
=588  \\$aDescription based on print version record.
=588  \\$aLatest issue consulted: volume 12, issue 6 (November 2015) (SpringerLink, viewed October 22, 2015).
=650  \0$aCoatings$vPeriodicals.
=650  \0$aPaint$vPeriodicals.
=650  \0$aVarnish and varnishing$vPeriodicals.
=710  2\$aFederation of Societies for Coatings Technology.
=710  2\$aAmerican Coatings Association.
=776  08$iAlso issued in print as:$tJCT research$x1547-0091
=780  01$tJournal of coatings technology$x2168-815X
=780  05$tSurface coatings international. Part B, Coatings transactions$x1742-0261
=852  41$aBritish Library$bDSC$j4663.443970$3Volume 1:Issue 1(2004)-Volume 11:Issue 6(2014)***See ESTAR for full holdings.
=856  \\$31850-9999$uhttp://www.springer.com/gb/$zTo subscribe$xBLDSS
=856  40$ahttp://link.springer.com/journal/11998
=945  \\$aJCT research
=959  \\$fHeld but not currently received
=985  \\$aCONFERENCE ANALYTIC RECORDS EXIST
=985  \\$aTitle changes do not follow those of the ISSN Network.
=ACF  \\$aPrevious copyright fee: GBP21.25$c4\4$e01-jan-2009$fGBP21.25$g0$hP$5Uk
=ACF  \\$aPrevious Copyright Fee: GBP16.75$c4\4$e17-apr-2007$fGBP16.75$g0$hP$5Uk
=ACF  \\$aPrevious copyright fee: GBP22.00$c4\4$e01-apr-2009$fGBP22.00$g0$hP$5Uk
=ACF  \\$aPrevious copyright fee: GBP22.00$c4\4$e12-aug-2012$fGBP22.00$g0$hP$5Uk
=ACF  \\$aPrevious copyright fee: GBP25.00$c4\4$e01-jan-2013$fGBP25.00$g0$hP$5Uk
=ACF  \\$aPrevious copyright fee: GBP25.77$c4\4$e01-jul-2013$fGBP25.77$g0$hP$5Uk
=ACF  \\$aPrevious copyright fee: GBP24.97$c4\4$e01-jan-2014$fGBP24.97$g0$hP$5Uk
=ACF  \\$aPrevious copyright fee: GBP24.21$c4\4$e01-jul-2014$fGBP24.21$g0$hP$5Uk
=ACF  \\$aPrevious copyright fee: GBP25.77$c4\4$e01-apr-2015$fGBP25.77$g0$hP$5Uk
=ACF  \\$aPrevious copyright fee: GBP26.63$c4\4$e01-jul-2015$fGBP26.63$g0$hP$5Uk
=ACF  \\$aPrevious copyright fee: GBP25.77$c4\4$e01-oct-2015$fGBP25.77$g0$hP$5Uk
=ACF  \\$aPrevious copyright fee: GBP27.55$c4\4$e01-apr-2016$fGBP27.55$g0$hP$5Uk
=ACF  \\$aPrevious copyright fee: GBP29.59$c4\4$e01-oct-2016$fGBP29.59$g0$hP$5Uk
=ACF  \\$aPrevious copyright fee: GBP31.96$c4\4$e01-apr-2017$fGBP31.96$g0$hP$5Uk
=ACF  \\$aPrevious copyright fee: GBP30.73$c4\4$e01-oct-2017$fGBP30.73$g0$hP$5Uk
=ACF  \\$aPrevious copyright fee: GBP28.54$c4\4$e01-apr-2018$fGBP28.54$g0$hP$5Uk
=CAT  \\$a7174$b40$c20070417$lBLL01$h1438
=CAT  \\$aBLDSS-3PM$b00$c20150103$lBLL01$h1045
=CAT  \\$aBATCH-UPD$b00$c20150219$lBLL01$h1934
=CAT  \\$aCDS15-UPD$b40$c20150313$lBLL01$h1910
=CAT  \\$aIPL-CLA$c20150331$lBLL01$h1648
=CAT  \\$aBATCH-UPD$b00$c20150520$lBLL01$h1929
=CAT  \\$aIPL-CLA$c20150630$lBLL01$h1654
=CAT  \\$aBATCH-UPD$b00$c20150820$lBLL01$h1959
=CAT  \\$aIPL-CLA$c20150930$lBLL01$h1817
=CAT  \\$a11316$b40$c20151022$lBLL01$h1235
=CAT  \\$aBATCH-UPD$b40$c20160217$lBLL01$h1858
=CAT  \\$aIPL-CLA$c20160331$lBLL01$h1739
=CAT  \\$aBATCH-UPD$b00$c20160524$lBLL01$h2157
=CAT  \\$aBATCH-UPD$b00$c20160524$lBLL01$h2252
=CAT  \\$aBATCH-UPD$b00$c20160824$lBLL01$h1916
=CAT  \\$aIPL-CLA$c20160930$lBLL01$h1612
=CAT  \\$aBATCH-UPD$b00$c20170216$lBLL01$h2002
=CAT  \\$aIPL-CLA$c20170331$lBLL01$h1852
=CAT  \\$aBATCH-UPD$b00$c20170904$lBLL01$h2033
=CAT  \\$aIPL-CLA$c20170929$lBLL01$h1737
=CAT  \\$aBATCH-UPD$b00$c20180223$lBLL01$h1932
=CAT  \\$aIPL-CLA$c20180331$lBLL01$h1628
=CAT  \\$aBATCH-UPD$b00$c20180524$lBLL01$h1811
=CAT  \\$aIPL-CLA$c20180630$lBLL01$h1921
=CAT  \\$aBATCH-UPD$b00$c20221121$lBLL01$h1401
=CAT  \\$aIPL-CLA$c20221231$lBLL01$h1448
=CFI  0\$aCurrent copyright fee: GBP29.95$c22\1$e01-jan-2023$fGBP29.95$g0$hP$5Uk
=CFI  2\$aPrevious copyright fee: GBP34.00$c22\1$e01-jul-2018$fGBP34.00$g0$hP$5Uk
=EST  \\$a1
=FFP  \\$aY$bBLDSS-3PM
=FIN  \\$aY$d20151022
=FMT  \\$a  SE
=LAS  \\$aIPL-CLA$b00$c20221231$lBLL01$h1448
=LET  \0$aJournal of coatings technology and research (Electronic)
=LKR  \\$aPAR$b010482384$lBLL01$nJournal of coatings technology and research (Print)$mJournal of coatings technology and research (Online)$r776
=MNI  \\$a1547-0091
=TCO  \\$aTRS$bCCC$c008
=TOC  \\$aETOC
=UNO  \\$aY

