=LDR  02147 as a2200541 a 4500
=001  013716646
=003  Uk
=005  20090203114737.0
=007  ta
=008  070418d20062006enkar\p\\\\\\\0\\\a0eng\\
=015  \\$aGBA729459$2bnb
=040  \\$aUk$beng$cUk
=042  \\$aukblsr
=082  04$a330.95357$222
=245  00$aEmerging Dubai :$bthe annual business, economic and political review.
=260  \\$aLondon :$bOxford Business Group,$c2006.
=300  \\$a1 v. :$bcol. ill., col. maps, col. ports. ;$c30 cm.
=336  \\$atext$2rdacontent
=337  \\$aunmediated$2rdamedia
=338  \\$avolume$2rdacarrier
=362  0\$a2006.
=490  0\$aEmerging Emirates ;$vVol. 2
=490  0\$aEmerging markets series
=651  \0$aDubai (United Arab Emirates)$xPolitics and government$vPeriodicals.
=651  \0$aDubai (United Arab Emirates)$xEconomic conditions$vPeriodicals.
=651  \0$aDubai (United Arab Emirates)$xCommerce$vPeriodicals.
=690  7\$aManagement and Business Studies$2blcoll
=776  0\$tAnnual business economic and political review. Dubai$x1751-9179
=785  00$tReport. Dubai$x1755-277X
=852  41$aBritish Library$bHMNTS$jZK.9.b.36034$3Earlier issues
=852  11$aBritish Library$bSTI$cBIPC$k(B) MKT$h330.95357$mBusiness$32006***Current issue
=985  \\$aDo not give ISSN (see #013509780)
=CAT  \\$a8124$b40$c20070418$lBLL01$h0940
=CAT  \\$a8124$b40$c20070418$lBLL01$h0944
=CAT  \\$a8124$b40$c20070418$lBLL01$h0945
=CAT  \\$a8124$b40$c20070418$lBLL01$h1141
=CAT  \\$a11249$b40$c20071206$lBLL01$h1309
=CAT  \\$a5997$b40$c20080220$lBLL01$h1012
=CAT  \\$a5997$b40$c20080220$lBLL01$h1014
=CAT  \\$a11313$b40$c20090203$lBLL01$h1146
=CAT  \\$a11313$b40$c20090203$lBLL01$h1147
=CAT  \\$aBATCH$b00$c20090625$lBLL01$h1700
=CAT  \\$aWR14_140$c20140905$lBLL01$h1815
=FIN  \\$aY$d20070418
=FMT  \\$a  SE
=LAS  \\$aWR14_140$b00$c20140905$lBLL01$h1815
=LKR  \\$aPAR$b013509780$lBLL01$r776$mEmerging Dubai : the annual business, economic and political review.$nAnnual business economic and political review. Dubai
=TCO  \\$aCLA$bCLA$c008

