=LDR  05433cas a22010217a 4500
=001  013716874
=003  Uk
=005  20211231172224.0
=007  ta
=008  070418c20049999xxuar\m\\\\\\\0\\\a0eng\\
=022  \\$y1547-5840
=040  \\$aUk$beng$cUk
=245  00$aIssues in informing science and information technology.
=246  17$aJournal of issues in informing science & information technology.
=246  12$aInformation universe$f2006
=260  \\$aSanta Rosa :$bInforming Science Institute,$c2004-
=300  \\$av. :$bill. ;$c23 cm.
=310  \\$aAnnual
=336  \\$atext$2rdacontent
=337  \\$aunmediated$2rdamedia
=338  \\$avolume$2rdacarrier
=500  \\$aDescription based on: vol. 3 (2006) ; Vol. 3 onwards have individual titles.
=540  \\$aCurrent Copyright Fee: GBP0.73$c0$5Uk
=650  \0$aInformation technology$vPeriodicals.
=650  \0$aInformation technology$xStudy and teaching$vPeriodicals.
=710  2\$aInforming Science Institute.
=852  41$aBritish Library$bDSC$j4548.300055$3Volume 3 (2006)
=945  \\$aIssues in informing science and information technology
=959  \\$fHeld but not currently received
=985  \\$aNot straightforward! Based on vol.3 with title page reading: "The information universe: issues in informing science and information technology." Cover title is "The information universe: journal of issues in informing science & information technology". Looking at US ISSN pre-pub record, serial title is intended to be "Issues in informing science and information technology". From website: vol. 4 has title: "Information and beyond...". Decided to go with the apparently most stable serial title for this. MBrook, 11.06.07.
=ACF  \\$aPrevious Copyright Fee: GBP0.65$c0$e01-apr-2012$fGBP0.65$g0$hC$5Uk
=ACF  \\$aBritish Library not licensed to copy$c0$e07-sep-2011$hC$iTX$5Uk
=ACF  \\$aPrevious copyright fee: GBP10.50$c0$e01-jan-2011$fGBP10.50$g0$hA$5Uk
=ACF  \\$aPrevious copyright fee: GBP9.00$c0$e01-apr-2010$fGBP9.00$g0$hA$5Uk
=ACF  \\$aPrevious copyright fee: GBP6.00$c0$e01-apr-2008$fGBP6.00$g0$hA$5Uk
=ACF  \\$aPrevious copyright fee: GBP5.00$c0$e18-apr-2007$fGBP5.00$g0$hA$5Uk
=ACF  \\$aPrevious Copyright Fee: GBP0.61$c0$e01-jul-2012$fGBP0.61$g0$hC$5Uk
=ACF  \\$aPrevious Copyright Fee: GBP0.65$c0$e01-oct-2012$fGBP0.65$g0$hC$5Uk
=ACF  \\$aPrevious Copyright Fee: GBP0.63$c0$e01-jan-2013$fGBP0.63$g0$hC$5Uk
=ACF  \\$aPrevious Copyright Fee: GBP0.65$c0$e01-jul-2013$fGBP0.65$g0$hC$5Uk
=ACF  \\$aPrevious Copyright Fee: GBP0.60$c0$e01-oct-2013$fGBP0.60$g0$hC$5Uk
=ACF  \\$aPrevious Copyright Fee: GBP0.63$c0$e01-jan-2014$fGBP0.63$g0$hC$5Uk
=ACF  \\$aPrevious Copyright Fee: GBP0.61$c0$e01-jul-2014$fGBP0.61$g0$hC$5Uk
=ACF  \\$aPrevious Copyright Fee: GBP0.67$c0$e01-apr-2015$fGBP0.67$g0$hC$5Uk
=ACF  \\$aPrevious Copyright Fee: GBP0.65$c0$e01-oct-2015$fGBP0.65$g0$hC$5Uk
=ACF  \\$aPrevious Copyright Fee: GBP0.69$c0$e01-apr-2016$fGBP0.69$g0$hC$5Uk
=ACF  \\$aPrevious Copyright Fee: GBP0.74$c0$e01-oct-2016$fGBP0.74$g0$hC$5Uk
=ACF  \\$aPrevious Copyright Fee: GBP0.80$c0$e01-apr-2017$fGBP0.80$g0$hC$5Uk
=ACF  \\$aPrevious Copyright Fee: GBP0.76$c0$e01-oct-2017$fGBP0.76$g0$hC$5Uk
=ACF  \\$aPrevious Copyright Fee: GBP0.77$c0$e01-jan-2018$fGBP0.77$g0$hC$5Uk
=ACF  \\$aPrevious Copyright Fee: GBP0.71$c0$e01-apr-2018$fGBP0.71$g0$hC$5Uk
=ACF  \\$aPrevious Copyright Fee: GBP0.77$c0$e01-oct-2018$fGBP0.77$g0$hC$5Uk
=ACF  \\$aPrevious Copyright Fee: GBP0.80$c0$e01-oct-2019$fGBP0.80$g0$hC$5Uk
=ACF  \\$aPrevious Copyright Fee: GBP0.77$c0$e01-apr-2020$fGBP0.77$g0$hC$5Uk
=ACF  \\$aPrevious Copyright Fee: GBP0.80$c0$e01-jul-2020$fGBP0.80$g0$hC$5Uk
=ACF  \\$aPrevious Copyright Fee: GBP0.72$c0$e01-jul-2021$fGBP0.72$g0$hC$5Uk
=CAT  \\$a8193$b40$c20070418$lBLL01$h1151
=CAT  \\$aIPL-CLA$c20160331$lBLL01$h1739
=CAT  \\$aBATCH-CLA$b00$c20160831$lBLL01$h1651
=CAT  \\$aIPL-CLA$c20160930$lBLL01$h1612
=CAT  \\$aBATCH-CLA$b00$c20170228$lBLL01$h1632
=CAT  \\$aIPL-CLA$c20170331$lBLL01$h1852
=CAT  \\$aBATCH-CLA$b00$c20170831$lBLL01$h1633
=CAT  \\$aIPL-CLA$c20170929$lBLL01$h1737
=CAT  \\$aBATCH-CLA$b00$c20171130$lBLL01$h1716
=CAT  \\$aIPL-CLA$c20171231$lBLL01$h1705
=CAT  \\$aBATCH-CLA$b00$c20180228$lBLL01$h1647
=CAT  \\$aIPL-CLA$c20180331$lBLL01$h1628
=CAT  \\$aBATCH-CLA$b00$c20180831$lBLL01$h1630
=CAT  \\$aIPL-CLA$c20180930$lBLL01$h1505
=CAT  \\$aBATCH-CLA$b00$c20190909$lBLL01$h1720
=CAT  \\$aIPL-CLA$c20190930$lBLL01$h1641
=CAT  \\$aBATCH-CLA$b00$c20200228$lBLL01$h1639
=CAT  \\$aIPL-CLA$c20200331$lBLL01$h1617
=CAT  \\$aBATCH-CLA$b00$c20200529$lBLL01$h1538
=CAT  \\$aIPL-CLA$c20200701$lBLL01$h0059
=CAT  \\$aBATCH-CLA$b00$c20210528$lBLL01$h1529
=CAT  \\$aIPL-CLA$c20210704$lBLL01$h1118
=CAT  \\$aBATCH-CLA$b00$c20210917$lBLL01$h1607
=CAT  \\$aIPL-CLA$c20210930$lBLL01$h1651
=CAT  \\$aBATCH-CLA$b00$c20211203$lBLL01$h0820
=CAT  \\$aIPL-CLA$c20211231$lBLL01$h1722
=CFI  0\$aCurrent Copyright Fee: GBP0.73$c0$e01-jan-2022$fGBP0.73$g0$hC$5Uk
=CFI  2\$aPrevious Copyright Fee: GBP0.71$c0$e01-oct-2021$fGBP0.71$g0$hC$5Uk
=FIN  \\$aY$d20070614
=FMT  \\$a  SE
=LAS  \\$aIPL-CLA$b00$c20211231$lBLL01$h1722
=TCO  \\$aTRS$bCCC$c008

