=LDR  01915 ai a2200505 a 4500
=001  013739965
=003  Uk
=005  20121211082736.0
=007  td
=008  070508d2005200uenkfr\l\\\\\\o0\\\a2eng\\
=015  \\$aGBA734394$2bnb
=020  \\$a0117830860 (loose-leaf) :$cNo price
=022  0\$a1746-837X
=040  \\$aUk$beng$cUk$dUk
=042  \\$aukblsr
=082  04$a345.4105$222
=222  \0$aCriminal procedure rules$b(Print)
=245  00$aCriminal procedure rules :$bconsolidated criminal practice direction and forms.
=246  1\$iAlso known as:$aRed book service
=260  \\$aLondon :$bTSO,$c2005-
=300  \\$av. (loose-leaf) ;$c32 cm. +$eCD-ROMs.
=310  \\$aUpdated semiannually
=336  \\$atext$2rdacontent
=337  \\$aunmediated$2rdamedia
=338  \\$avolume$2rdacarrier
=580  \\$aIssued with CD-ROM of same title.
=650  \0$aCriminal procedure$zGreat Britain.
=710  1\$aGreat Britain.$bDepartment for Constitutional Affairs.
=777  1\$tCriminal procedure rules$c(CD-ROM)$x1746-8388
=852  41$aBritish Library$bHMNTS$jESC.9.b.100$3Main work (Mar. 2005)-Oct. (2009)
=852  41$aBritish Library$bHMNTS$jOPA.9.x.247$3Jun. (2005)-update 9 (Oct. 2009)
=985  \\$aDo not merge with ISSN records on #013136849 & 013136848. 777 added to make separate ISSN requested for CD-ROM searchable. CS 25/2/10
=CAT  \\$a11187$b40$c20070508$lBLL01$h1443
=CAT  \\$aBATCH-UPD$b40$c20070709$lBLL01$h1004
=CAT  \\$a11249$b40$c20080116$lBLL01$h1525
=CAT  \\$a8323$b40$c20100208$lBLL01$h1344
=CAT  \\$a8124$b40$c20100225$lBLL01$h1248
=CAT  \\$a8124$b40$c20100225$lBLL01$h1325
=CAT  \\$a8124$b40$c20100225$lBLL01$h1327
=CAT  \\$a7778$b40$c20121211$lBLL01$h0827
=CAT  \\$aBATCH-UPD$b40$c20130411$lBLL01$h0816
=FIN  \\$aY$d20070508
=FMT  \\$a  SE
=LAS  \\$aBATCH-UPD$b40$c20130411$lBLL01$h0816
=TCO  \\$aCLA$bCLA$c008

