=LDR  06058cas a2201177 i 4500
=001  013747697
=003  Uk
=005  20221231144828.0
=006  m\\\\\\\\d\\\\\\\\
=007  cr\|||||||||||
=008  070516c20019999xxubr\p\o\\\\\0\\\a0eng\\
=022  \\$a1934-970X
=040  \\$aUk$beng$cUk$erda
=041  1\$aeng$hrus
=042  \\$aukblsr
=082  04$a669$223
=130  0\$aIzvestii︠a︡ vysshikh uchebnykh zavedeniĭ.$pT︠s︡vetnai︠a︡ metallurgii︠a︡.$lEnglish.
=222  \0$aRussian journal of non-ferrous metals$b(Online)
=245  10$aRussian journal of non-ferrous metals.
=246  13$aIzvestiya VUZ.$pTsvetnaya metallurgiya
=264  \1$aNew York :$bAllerton Press, Inc,$c[2001]-
=264  \2$aWien :$bSpringer
=310  \\$aBimonthly
=336  \\$atext$2rdacontent
=337  \\$acomputer$2rdamedia
=338  \\$aonline resource$2rdacarrier
=362  1\$aPrint began with: Vol. 42, no. 1 (2001).
=540  \\$aCurrent copyright fee: GBP29.95$c22\1$5Uk
=580  \\$aCover-to-cover translation from the Russian.
=580  \\$aTo vol. 41, no. 12 (2000), Russian journal of non-ferrous metals was a translation of: T︠S︡vetnye metally; from v. 42, no. 1 (2001), the journal is a translation of: Izvestii︠a︡ vysshikh uchebnykh zavedeniĭ. T︠s︡vetnai︠a︡ metallurgii︠a︡.
=588  \\$aDescription based on print version record.
=588  \\$aLatest issue consulted: volume 56, issue 4 (July 2015) (SpringerLink, viewed October 23, 2015).
=650  \0$aNonferrous metals$vPeriodicals.
=650  \0$aNonferrous metal industries$vPeriodicals.
=650  \0$aNonferrous metal industries$zRussia (Federation)$vPeriodicals.
=765  1\$tIzvestii︠a︡ vysshikh uchebnykh zavedeniĭ. T︠s︡vetnai︠a︡ metallurgii︠a︡$x2412-8783
=776  08$iAlso issued in print as:$tIzvestii︠a︡ vysshikh uchebnykh zavedeniĭ. T︠s︡vetnai︠a︡ metallurgii︠a︡. English. English. Russian journal of non-ferrous metals$x1067-8212
=787  1\$tT︠s︡vetnye metally. English. Russian journal of non-ferrous metals
=852  \\$aBritish Library$bDSC$j0420.761800$3Volume 48:Issue 1(2007)-Volume 55:Issue 6(2014)***See ESTAR for full holdings.
=856  \\$31850-9999$uhttp://www.springer.com/gb/$xBLDSS
=856  40$uhttp://link.springer.com/journal/11981
=856  4\$uhttp://www.maik.ru/cgi-perl/journal.pl?lang=eng&name=rusnferm&page=online
=945  \\$aRussian journal of non ferrous metals c/c of Izvestiya Vysshikh Uchebnykh Zavedenii. Tsvetnaya Metallurgiya
=959  \\$fHeld but not currently received
=979  \\$aBritish Library$bDSC$j0420.761800
=985  \\$aTitle changes do not currently follow those of the ISSN Network 23/10/2015.
=ACF  \\$aPrevious copyright fee: GBP21.25$c13\7$e01-jan-2009$fGBP21.25$g0$hP$5Uk
=ACF  \\$aPrevious Copyright Fee: GBP16.75$c13\7$e16-may-2007$fGBP16.75$g0$hP$5Uk
=ACF  \\$aPrevious copyright fee: GBP22.00$c13\7$e01-apr-2009$fGBP22.00$g0$hP$5Uk
=ACF  \\$aPrevious copyright fee: GBP22.00$c13\7$e12-aug-2012$fGBP22.00$g0$hP$5Uk
=ACF  \\$aPrevious copyright fee: GBP25.00$c13\7$e01-jan-2013$fGBP25.00$g0$hP$5Uk
=ACF  \\$aPrevious copyright fee: GBP25.77$c13\7$e01-jul-2013$fGBP25.77$g0$hP$5Uk
=ACF  \\$aPrevious copyright fee: GBP24.97$c13\7$e01-jan-2014$fGBP24.97$g0$hP$5Uk
=ACF  \\$aPrevious copyright fee: GBP24.21$c13\7$e01-jul-2014$fGBP24.21$g0$hP$5Uk
=ACF  \\$aPrevious copyright fee: GBP25.77$c13\7$e01-apr-2015$fGBP25.77$g0$hP$5Uk
=ACF  \\$aPrevious copyright fee: GBP26.63$c13\7$e01-jul-2015$fGBP26.63$g0$hP$5Uk
=ACF  \\$aPrevious copyright fee: GBP25.77$c13\7$e01-oct-2015$fGBP25.77$g0$hP$5Uk
=ACF  \\$aPrevious copyright fee: GBP27.55$c13\7$e01-apr-2016$fGBP27.55$g0$hP$5Uk
=ACF  \\$aPrevious copyright fee: GBP29.59$c13\7$e01-oct-2016$fGBP29.59$g0$hP$5Uk
=ACF  \\$aPrevious copyright fee: GBP31.96$c13\7$e01-apr-2017$fGBP31.96$g0$hP$5Uk
=ACF  \\$aPrevious copyright fee: GBP30.73$c13\7$e01-oct-2017$fGBP30.73$g0$hP$5Uk
=ACF  \\$aPrevious copyright fee: GBP28.54$c13\7$e01-apr-2018$fGBP28.54$g0$hP$5Uk
=CAT  \\$a8288$b40$c20070516$lBLL01$h1416
=CAT  \\$aCDS15-UPD$b40$c20150313$lBLL01$h1910
=CAT  \\$aIPL-CLA$c20150331$lBLL01$h1649
=CAT  \\$aBATCH-UPD$b00$c20150520$lBLL01$h1711
=CAT  \\$aIPL-CLA$c20150630$lBLL01$h1655
=CAT  \\$aBATCH-UPD$b00$c20150820$lBLL01$h1759
=CAT  \\$aIPL-CLA$c20150930$lBLL01$h1817
=CAT  \\$a11316$b40$c20151023$lBLL01$h0951
=CAT  \\$a11316$b40$c20151023$lBLL01$h1047
=CAT  \\$aBATCH-UPD$b40$c20160217$lBLL01$h1647
=CAT  \\$aIPL-CLA$c20160331$lBLL01$h1740
=CAT  \\$aBATCH-UPD$b00$c20160524$lBLL01$h2157
=CAT  \\$aBATCH-UPD$b00$c20160524$lBLL01$h2252
=CAT  \\$aBATCH-UPD$b00$c20160824$lBLL01$h1725
=CAT  \\$aIPL-CLA$c20160930$lBLL01$h1612
=CAT  \\$aBATCH-UPD$b00$c20170216$lBLL01$h1812
=CAT  \\$aIPL-CLA$c20170331$lBLL01$h1852
=CAT  \\$aBATCH-UPD$b00$c20170904$lBLL01$h1814
=CAT  \\$aIPL-CLA$c20170929$lBLL01$h1737
=CAT  \\$aBATCH-UPD$b00$c20180223$lBLL01$h1631
=CAT  \\$aIPL-CLA$c20180331$lBLL01$h1629
=CAT  \\$aBATCH-UPD$b00$c20180524$lBLL01$h1701
=CAT  \\$aIPL-CLA$c20180630$lBLL01$h1921
=CAT  \\$a5410$b40$c20221110$lBLL01$h1117
=CAT  \\$aBATCH-UPD$b40$c20221121$lBLL01$h1401
=CAT  \\$aIPL-CLA$c20221231$lBLL01$h1448
=CFI  0\$aCurrent copyright fee: GBP29.95$c22\1$e01-jan-2023$fGBP29.95$g0$hP$5Uk
=CFI  2\$aPrevious copyright fee: GBP34.00$c22\1$e01-jul-2018$fGBP34.00$g0$hP$5Uk
=EST  \\$a1
=FFP  \\$aY$bBLDSS-3PM
=FIN  \\$aY$d20151023
=FMT  \\$a  SE
=LAS  \\$aIPL-CLA$b00$c20221231$lBLL01$h1448
=LET  \0$aRussian journal of non-ferrous metals (Electronic)
=LKR  \\$aPAR$b013357280$lBLL01$nRussian journal of non-ferrous metals (2001. Print).$mRussian journal of non-ferrous metals (2001. Online)$r776
=MNI  \\$a1067-8212
=TCO  \\$aTRS$bCCC$c008
=TOC  \\$aETOC
=UNO  \\$aY

