=LDR  06064cas a2201381 a 4500
=001  013751102
=003  Uk
=005  20230310174252.0
=006  m\\\\\o\\d\\\\\\\\
=007  cr\cn|||||||||
=008  070521c20069999gw\ar\\so\\\\\0\\\a0eng\c
=010  \\$a  2008220480
=015  \\$aGBB5G3588$2bnb
=016  7\$a101318988$2DNLM
=022  \\$a1862-3514
=035  \\$a(OCoLC)132980566$z(OCoLC)229992664$z(OCoLC)240903547$z(OCoLC)316294023$z(OCoLC)427818190$z(OCoLC)464494778
=037  \\$a???$bSpringer
=040  \\$aHNK$beng$cHNK$dNLGGC$dMUQ$dAGL$dOCLCS$dSHS$dNLM$dOCLCQ$dOCLCF$dOCLCQ$dUk
=042  \\$aukblsr
=050  \4$aRC931.O73$bA73
=060  10$aW1
=070  0\$aRC931.O73$bA73
=072  \0$aX380
=082  04$a616.716005$223
=084  \\$a44.83$2bcl
=130  0\$aArchives of osteoporosis (Online)
=245  10$aArchives of osteoporosis$h[electronic resource].
=260  \\$aLondon :$bSpringer Science + Media,$c2006-
=310  \\$aAnnual
=336  \\$atext$2rdacontent
=337  \\$acomputer$2rdamedia
=338  \\$aonline resource$2rdacarrier
=362  0\$aVol. 1, no. 1/2 (Dec., 2006)-
=500  \\$aTitle from journal information screen (SpringerLink, viewed May 21, 2007).
=530  \\$aAlso issued in print.
=538  \\$aMode of access: World Wide Web.
=540  \\$aCurrent copyright fee: GBP34.95$c22\1$5Uk
=550  \\$aJoint initiative of the International Osteoporosis Foundation and the National Osteoporosis Foundation of the USA.
=588  \\$aLatest issue consulted: volume 10, issue 1 (December 2015) (viewed March 10, 2015).
=650  \0$aOsteoporosis$vPeriodicals.
=650  \0$aBones$xDiseases$vPeriodicals.
=650  12$aOsteoporosis$vPeriodicals.
=650  22$aBone Diseases$vPeriodicals.
=650  \6$aOstéoporose$vPériodiques.
=650  \6$aOs$xMaladies$vPériodiques.
=650  17$aOsteoporose.$2gtt
=650  \7$aBones$xDiseases.$2fast$0(OCoLC)fst00836004
=650  \7$aOsteoporosis.$2fast$0(OCoLC)fst01048817
=655  \7$aPeriodicals.$2fast$0(OCoLC)fst01411641
=710  2\$aInternational Osteoporosis Foundation.
=710  2\$aNational Osteoporosis Foundation.
=776  1\$tArchives of osteoporosis$x1862-3522
=852  41$aBritish Library$bHMNTS$jELD Digital store$3Volume 10:Issue 1(2015)-
=852  41$aBritish Library$bDSC$j1638.498000$3Volume 1:Issue 1/2(2006)-Volume 13:Issue 1(2018)***See ESTAR for full holdings.
=856  \\$31850-9999$uhttp://www.springer.com/gb/$xBLDSS
=856  40$uhttp://www.springerlink.com/content/1862-3514/
=859  \\$aELD$bejournal
=859  \\$aXLD$bejournal
=945  \\$aArchives of osteoporosis
=959  \\$fHeld but not currently received
=979  \\$aBritish Library$bDSC$j1638.498000
=985  \\$aISSN still work record on 12/11/15
=985  \\$aCONFERENCE ANALYTIC RECORDS EXIST
=ACF  \\$aPrevious copyright fee: GBP21.25$c22\7$e01-jan-2009$fGBP21.25$g0$hP$5Uk
=ACF  \\$aPrevious Copyright Fee: GBP16.75$c22\7$e22-may-2007$fGBP16.75$g0$hP$5Uk
=ACF  \\$aPrevious copyright fee: GBP22.00$c22\7$e01-apr-2009$fGBP22.00$g0$hP$5Uk
=ACF  \\$aPrevious copyright fee: GBP22.00$c22\7$e12-aug-2012$fGBP22.00$g0$hP$5Uk
=ACF  \\$aPrevious copyright fee: GBP25.00$c22\7$e01-jan-2013$fGBP25.00$g0$hP$5Uk
=ACF  \\$aPrevious copyright fee: GBP25.77$c22\7$e01-jul-2013$fGBP25.77$g0$hP$5Uk
=ACF  \\$aPrevious copyright fee: GBP24.97$c22\7$e01-jan-2014$fGBP24.97$g0$hP$5Uk
=ACF  \\$aPrevious copyright fee: GBP24.21$c22\7$e01-jul-2014$fGBP24.21$g0$hP$5Uk
=ACF  \\$aPrevious copyright fee: GBP25.77$c22\7$e01-apr-2015$fGBP25.77$g0$hP$5Uk
=ACF  \\$aPrevious copyright fee: GBP26.63$c22\7$e01-jul-2015$fGBP26.63$g0$hP$5Uk
=ACF  \\$aPrevious copyright fee: GBP25.77$c22\7$e01-oct-2015$fGBP25.77$g0$hP$5Uk
=ACF  \\$aPrevious copyright fee: GBP27.55$c22\7$e01-apr-2016$fGBP27.55$g0$hP$5Uk
=ACF  \\$aPrevious copyright fee: GBP29.59$c22\7$e01-oct-2016$fGBP29.59$g0$hP$5Uk
=ACF  \\$aPrevious copyright fee: GBP31.96$c22\7$e01-apr-2017$fGBP31.96$g0$hP$5Uk
=ACF  \\$aPrevious copyright fee: GBP30.73$c22\7$e01-oct-2017$fGBP30.73$g0$hP$5Uk
=ACF  \\$aPrevious copyright fee: GBP28.54$c22\7$e01-apr-2018$fGBP28.54$g0$hP$5Uk
=ACF  \\$aPrevious copyright fee: GBP34.00$c22\1$e01-jul-2018$fGBP34.00$g0$hP$5Uk
=CAT  \\$a7174$b40$c20070522$lBLL01$h1548
=CAT  \\$a10806$b40$c20151112$lBLL01$h1047
=CAT  \\$aBATCH-UPD$b40$c20160217$lBLL01$h1735
=CAT  \\$aIPL-CLA$c20160331$lBLL01$h1740
=CAT  \\$aBATCH-UPD$b00$c20160524$lBLL01$h2211
=CAT  \\$aBATCH-UPD$b00$c20160525$lBLL01$h0027
=CAT  \\$aBATCH-UPD$b00$c20160824$lBLL01$h1802
=CAT  \\$aIPL-CLA$c20160930$lBLL01$h1612
=CAT  \\$aBATCH-UPD$b00$c20170216$lBLL01$h1850
=CAT  \\$aIPL-CLA$c20170331$lBLL01$h1852
=CAT  \\$aBATCH-UPD$b00$c20170904$lBLL01$h1900
=CAT  \\$aIPL-CLA$c20170929$lBLL01$h1737
=CAT  \\$aW1711-1005$c20171206$lBLL01$h1820
=CAT  \\$aBATCH-UPD$b00$c20180223$lBLL01$h1733
=CAT  \\$aIPL-CLA$c20180331$lBLL01$h1629
=CAT  \\$aW1805-0475$c20180520$lBLL01$h1632
=CAT  \\$aBATCH-UPD$b00$c20180524$lBLL01$h1720
=CAT  \\$aIPL-CLA$c20180630$lBLL01$h1921
=CAT  \\$aW1908-0780$b00$c20200730$lBLL01$h1331
=CAT  \\$a5552$b40$c20200818$lBLL01$h1412
=CAT  \\$a5552$b40$c20210810$lBLL01$h0930
=CAT  \\$aIPL-CLA$c20210930$lBLL01$h1528
=CAT  \\$aCDS21$c20220118$lBLL01$h1105
=CAT  \\$aBATCH-UPD$b00$c20221121$lBLL01$h1411
=CAT  \\$aIPL-CLA$c20221231$lBLL01$h1448
=CAT  \\$a5410$b40$c20230310$lBLL01$h1742
=CFI  0\$aCurrent copyright fee: GBP34.95$c22\1$e01-jan-2023$fGBP34.95$g0$hP$5Uk
=CFI  2\$aPrevious copyright fee: GBP43.00$c22\1$e01-oct-2021$fGBP43.00$g0$hP$5Uk
=EST  \\$a1
=FFP  \\$aY$bBLDSS-3PM
=FIN  \\$aY$d20150310
=FMT  \\$a  SE
=LAS  \\$a5410$b40$c20230310$lBLL01$h1742
=MNI  \\$a1862-3522
=SID  \\$aZ39$bOCLC
=TCO  \\$aCLA$bCLA$c008
=TOC  \\$aETOC
=UNO  \\$aY

