=LDR  05492cas a2201201 i 4500
=001  013757547
=003  Uk
=005  20221231144832.0
=006  m\\\\\o\\d\\\\\\\\
=007  cr\|||||||||||
=008  061117c19669999nyubr\p\o\\\\\0\\\a0eng\c
=010  \\$a  2006216278
=022  0\$a1934-7936$y0025-6544$l0025-6544$21
=037  \\$a???$bSpringer
=040  \\$aUk$beng$cUk$erda
=042  \\$aukblsr
=082  04$a531.05$223
=130  0\$aMekhanika tverdogo tela.$lEnglish.
=210  0\$aMech. solids$b(Online)
=222  \0$aMechanics of solids$b(Online)
=245  10$aMechanics of solids.
=264  \1$aNew York :$bFaraday Press,$c1966-
=264  31$31967-$aNew York :$bAllerton Press
=300  \\$billustrations
=310  \\$aBimonthly
=336  \\$atext$btxt$2rdacontent
=337  \\$acomputer$bc$2rdamedia
=338  \\$aonline resource$bcr$2rdacarrier
=362  1\$aPrint began in 1966.
=540  \\$aCurrent copyright fee: GBP29.95$c22\1$5Uk
=588  \\$aDescription based on: Print version record.
=588  \\$aLatest issue consulted: Volume 50, issue 6 (November 2015) (SpringerLink, viewed May 12, 2016).
=650  \0$aSolids$vPeriodicals.
=650  \0$aMechanics$vPeriodicals.
=710  2\$31975-1992,$aAkademii︠a︡ nauk SSSR,$eissuing body.
=710  2\$31993-$aRossiĭskai︠a︡ akademii︠a︡ nauk,$eissuing body.
=765  08$iEnglish translation of the Russian journal:$tMekhanika tverdogo tela
=776  08$iPrint version:$tMechanics of solids$x0025-6544
=852  41$aBritish Library$bDSC$j0415.850000$3Volume 42:Issue 1(2007)-Volume 49:Issue 6(2014)***See ESTAR for full holdings.
=852  41$aBritish Library$bHMNTS$jELD Digital store$3Volume 52:Issue 4(2017)-
=856  40$31850-9999$uhttp://www.springer.com/gb/$xBLDSS
=856  40$uhttp://www.springerlink.com/content/1934-7936
=856  40$uhttp://www.springerlink.com/openurl.asp?genre=journal&issn=0025-6544
=859  \\$aELD$bejournal
=945  \\$aMechanics of solids c/c of Inzhenernyi Zhurnal Mekhanika Tverdogo Tela then Izvestiia- Akademiia Nauk SSSR Mekhanika Tverdogo Tela.
=959  \\$fHeld but not currently received
=979  \\$aBritish Library$bDSC$j0415.850000
=985  \\$aISSN has incorrect start date of 1992
=ACF  \\$aPrevious copyright fee: GBP21.25$c13\7$e01-jan-2009$fGBP21.25$g0$hP$5Uk
=ACF  \\$aPrevious Copyright Fee: GBP16.75$c13\7$e30-may-2007$fGBP16.75$g0$hP$5Uk
=ACF  \\$aPrevious copyright fee: GBP22.00$c13\7$e01-apr-2009$fGBP22.00$g0$hP$5Uk
=ACF  \\$aPrevious copyright fee: GBP22.00$c13\7$e12-aug-2012$fGBP22.00$g0$hP$5Uk
=ACF  \\$aPrevious copyright fee: GBP25.00$c13\7$e01-jan-2013$fGBP25.00$g0$hP$5Uk
=ACF  \\$aPrevious copyright fee: GBP25.77$c13\7$e01-jul-2013$fGBP25.77$g0$hP$5Uk
=ACF  \\$aPrevious copyright fee: GBP24.97$c13\7$e01-jan-2014$fGBP24.97$g0$hP$5Uk
=ACF  \\$aPrevious copyright fee: GBP24.21$c13\7$e01-jul-2014$fGBP24.21$g0$hP$5Uk
=ACF  \\$aPrevious copyright fee: GBP25.77$c13\7$e01-apr-2015$fGBP25.77$g0$hP$5Uk
=ACF  \\$aPrevious copyright fee: GBP26.63$c13\7$e01-jul-2015$fGBP26.63$g0$hP$5Uk
=ACF  \\$aPrevious copyright fee: GBP25.77$c13\7$e01-oct-2015$fGBP25.77$g0$hP$5Uk
=ACF  \\$aPrevious copyright fee: GBP27.55$c13\7$e01-apr-2016$fGBP27.55$g0$hP$5Uk
=ACF  \\$aPrevious copyright fee: GBP29.59$c13\7$e01-oct-2016$fGBP29.59$g0$hP$5Uk
=ACF  \\$aPrevious copyright fee: GBP31.96$c13\7$e01-apr-2017$fGBP31.96$g0$hP$5Uk
=ACF  \\$aPrevious copyright fee: GBP30.73$c13\7$e01-oct-2017$fGBP30.73$g0$hP$5Uk
=ACF  \\$aPrevious copyright fee: GBP28.54$c13\7$e01-apr-2018$fGBP28.54$g0$hP$5Uk
=CAT  \\$a7174$b40$c20070530$lBLL01$h1622
=CAT  \\$aIPL-CLA$c20150630$lBLL01$h1655
=CAT  \\$aBATCH-UPD$b00$c20150820$lBLL01$h1759
=CAT  \\$aIPL-CLA$c20150930$lBLL01$h1817
=CAT  \\$aBATCH-UPD$b00$c20160217$lBLL01$h1647
=CAT  \\$aIPL-CLA$c20160331$lBLL01$h1740
=CAT  \\$a8124$b40$c20160511$lBLL01$h0933
=CAT  \\$a8124$b40$c20160511$lBLL01$h0935
=CAT  \\$a8124$b40$c20160512$lBLL01$h1517
=CAT  \\$aBATCH-UPD$b40$c20160524$lBLL01$h2157
=CAT  \\$aBATCH-UPD$b40$c20160524$lBLL01$h2252
=CAT  \\$aBATCH-UPD$b40$c20160824$lBLL01$h1725
=CAT  \\$aIPL-CLA$c20160930$lBLL01$h1612
=CAT  \\$aBATCH-UPD$b00$c20170216$lBLL01$h1812
=CAT  \\$aBATCH-UPD$b00$c20170216$lBLL01$h1831
=CAT  \\$aIPL-CLA$c20170331$lBLL01$h1852
=CAT  \\$aBATCH-UPD$b00$c20170904$lBLL01$h1814
=CAT  \\$aIPL-CLA$c20170929$lBLL01$h1737
=CAT  \\$aBATCH-UPD$b00$c20180223$lBLL01$h1631
=CAT  \\$aIPL-CLA$c20180331$lBLL01$h1629
=CAT  \\$aBATCH-UPD$b00$c20180524$lBLL01$h1701
=CAT  \\$aIPL-CLA$c20180630$lBLL01$h1921
=CAT  \\$a15190$b40$c20210310$lBLL01$h1459
=CAT  \\$a5410$b40$c20221104$lBLL01$h0913
=CAT  \\$aBATCH-UPD$b40$c20221121$lBLL01$h1401
=CAT  \\$aIPL-CLA$c20221231$lBLL01$h1448
=CFI  0\$aCurrent copyright fee: GBP29.95$c22\1$e01-jan-2023$fGBP29.95$g0$hP$5Uk
=CFI  2\$aPrevious copyright fee: GBP34.00$c22\1$e01-jul-2018$fGBP34.00$g0$hP$5Uk
=EST  \\$a1
=FFP  \\$aY$bBLDSS-3PM
=FIN  \\$aY$d20160511
=FMT  \\$a  SE
=LAS  \\$aIPL-CLA$b00$c20221231$lBLL01$h1448
=LKR  \\$aPAR$b009180932$lBLL01$nMechanics of solids (Print)$mMechanics of solids (Online)$r776
=MNI  \\$a0025-6544
=SID  \\$aZ39$bOCLC
=TCO  \\$aTRS$bCCC$c008
=TOC  \\$aETOC
=UNO  \\$aY

