=LDR  03293cai a2200757 a 4500
=001  013762427
=003  Uk
=005  20230210010554.0
=007  td
=008  070606c20069999enktx\l\\f\\\\0\\\a2eng\\
=015  \\$aGBA744087$2bnb
=020  \\$cNo price (loose-leaf)
=022  0\$a2043-7927
=040  \\$aUk$beng$cUk$dUk
=042  \\$aukblsr
=082  04$a343.24087$222
=100  1\$aMcGovern, Edmond.
=222  \0$aEuropean Union anti-dumping and trade defence law and practice$b(Print)
=245  10$aEuropean Union anti-dumping and trade defence law and practice.
=247  10$aEuropean Community anti-dumping and trade defence law and practice,$f2006-2009$x1751-2999
=250  \\$aEd. February 2010.
=260  \\$aExeter :$bGlobefield,$c2006-
=300  \\$av. (loose-leaf) ;$c32 cm.
=310  \\$aUpdated three times a year
=336  \\$atext$2rdacontent
=337  \\$aunmediated$2rdamedia
=338  \\$avolume$2rdacarrier
=500  \\$aEdition statement changed at Feb. 2010. Gradual replacement of previous edition.
=530  \\$aAlso issued as ebook by email.
=540  \\$aCurrent Copyright Fee: GBP25.00$c0$5Uk
=650  \0$aDumping (International trade)$xLaw and legislation$zEuropean Union countries$vHandbooks, manuals, etc.
=650  \0$aForeign trade regulation$zEuropean Union countries$vHandbooks, manuals, etc.
=780  00$tEuropean Community anti-dumping law and practice$x1355-8544
=852  41$aBritish Library$bHMNTS$jZC.9.d.612$3Main work (2006:Jun.)-(2018:Nov.)
=985  \\$aINTEGRATING RESOURCE - do not merge with ISSN record/s CS 20/5/10
=ACF  \\$aPrevious Copyright Fee: GBP12.30$c0$e01-jan-2014$fGBP12.30$g0$hC$5Uk
=ACF  \\$aPrevious Copyright Fee: GBP15.00$c0$e01-jan-2017$fGBP15.00$g0$hC$5Uk
=ACF  \\$aPrevious Copyright Fee: GBP17.50$c0$e01-jan-2018$fGBP17.50$g0$hC$5Uk
=ACF  \\$aPrevious Copyright Fee: GBP20.00$c0$e01-jan-2020$fGBP20.00$g0$hC$5Uk
=ACF  \\$aPrevious Copyright Fee: GBP22.50$c0$e01-jan-2021$fGBP22.50$g0$hC$5Uk
=CAT  \\$a11187$b40$c20070606$lBLL01$h1022
=CAT  \\$a11187$b40$c20070606$lBLL01$h1109
=CAT  \\$a11187$b40$c20070725$lBLL01$h1321
=CAT  \\$a8124$b40$c20100520$lBLL01$h1206
=CAT  \\$a8124$b40$c20100520$lBLL01$h1208
=CAT  \\$a8124$b40$c20100520$lBLL01$h1223
=CAT  \\$aBATCH-CLA$b00$c20131129$lBLL01$h1703
=CAT  \\$aIPL-CLA$c20140101$lBLL01$h0019
=CAT  \\$aBATCH-CLA$b00$c20161130$lBLL01$h1645
=CAT  \\$aIPL-CLA$c20161230$lBLL01$h2217
=CAT  \\$aBATCH-CLA$b00$c20171130$lBLL01$h1714
=CAT  \\$aIPL-CLA$c20171231$lBLL01$h1706
=CAT  \\$aBATCH-CLA$b00$c20191129$lBLL01$h1630
=CAT  \\$aIPL-CLA$c20191231$lBLL01$h1946
=CAT  \\$aBATCH-CLA$b00$c20201126$lBLL01$h1419
=CAT  \\$aIPL-CLA$c20201231$lBLL01$h2221
=CAT  \\$aBATCH-CLA$b00$c20221130$lBLL01$h1455
=CAT  \\$aIPL-CLA$c20221231$lBLL01$h2137
=CAT  \\$aBATCH-CLA$b00$c20230209$lBLL01$h1542
=CAT  \\$aIPL-CLA$c20230210$lBLL01$h0105
=CFI  0\$aCurrent Copyright Fee: GBP25.00$c0$e09-feb-2023$fGBP25.00$g0$hC$5Uk
=CFI  2\$aBritish Library not licensed to copy$c0$e01-jan-2023$hC$iCFP Excluded$5Uk
=FIN  \\$aY$d20070606
=FMT  \\$a  SE
=LAS  \\$aIPL-CLA$b00$c20230210$lBLL01$h0105
=TCO  \\$aCLA$bCLA$c008

