=LDR  01384 aa a22003857a 4500
=001  013765324
=003  Uk
=005  20070612084630.0
=008  070611s2007\\\\xr\||||\\||||\10|\0\cze\\
=040  \\$aUk$beng$cUk
=041  0\$acze$aeng
=245  00$aVII. Mezioborové setkání mladých biologu biochemiku a chemiku :$bpořádané firmou Sigma-Aldrich.
=260  \\$aPrague :$bChemicke listy,$c2007.
=300  \\$ap. 425-463.
=336  \\$atext$2rdacontent
=337  \\$aunmediated$2rdamedia
=338  \\$avolume$2rdacarrier
=540  \\$aBritish Library not licensed to copy$c0$5Uk
=546  \\$aText in Czech or English.
=591  \\$aAbstracts.
=653  1\$aBiologu
=653  1\$aBiochemiku
=653  1\$aChemiku
=852  41$aBritish Library$bDSC$j3154.000000$iroc 101, 5
=852  \\$aBritish Library$bDSC
=985  \\$aChemicke listy, ISSN 0009-2770 ; roc 101, 5 2007
=CAT  \\$a11245$b40$c20070611$lBLL01$h1144
=CAT  \\$a11245$b40$c20070612$lBLL01$h0846
=CAT  \\$aBATCH-CLA$b00$c20140404$lBLL01$h0039
=CFI  0\$aBritish Library not licensed to copy$c0$e07-sep-2011$hC$iTX$5Uk
=CNF  \\$aMezioborové setkání mladých biologu biochemiku a chemiku (Konference)$n(7 :$d2006 Jun :$cŽďárské vrchy, Czech Republic)
=FIN  \\$aY$d20070611
=FMT  \\$a  BK
=LAS  \\$aBATCH-CLA$b00$c20140404$lBLL01$h0039
=TCO  \\$aXXX$c008

