=LDR  05928cas a2201213 a 4500
=001  013777904
=003  Uk
=005  20230930080912.0
=006  m\\\\\\\\d\|\\\\\\
=007  cr||||||||||||
=008  021125c20029999enkbr\p\s\\\\\0\\\a0eng\\
=015  \\$aGBA756944$2bnb
=022  \\$a1478-3428
=037  \\$aISSN_14753820$bPortico$nTaylor & Francis
=040  \\$aUk$beng$cUk$dUk
=041  0\$aeng$bcat$bpor$bspa
=042  \\$aukblsr
=082  04$a860.5$222
=130  0\$aBulletin of Spanish studies (2002 : Online)
=222  \0$aBulletin of Spanish studies$b(2002. Online)
=245  10$aBulletin of Spanish studies$h[electronic resource] :$bHispanic studies and researches on Spain, Portugal and Latin America.
=260  \\$aLondon :$bCarfax Publishing Company
=264  31$a[Abingdon] :$bRoutledge, Taylor & Francis Group
=336  \\$atext$2rdacontent
=337  \\$acomputer$2rdamedia
=338  \\$aonline resource$2rdacarrier
=500  \\$aDescription based on: Vol. 79, issue 1 (2002); title from issues list (Informaworld, viewed on 30 July 2007).
=538  \\$aMode of access: World Wide Web.
=540  \\$aCurrent copyright fee: GBP37.00$c2\0$5Uk
=546  \\$aText chiefly in English, also Spanish, Portuguese and Catalan.
=580  \\$aIncludes issues of earlier titles: Bulletin of Hispanic studies (Abingdon. Online), covering 1949-1995) and: Bulletin of Spanish studies (Online), covering 1923-1948.
=588  \\$aLatest issue consulted: volume 92, issue 7 (2015) (Taylor & Francis Online, viewed December 15, 2015).
=650  \0$aSpanish philology$vPeriodicals.
=650  \0$aPortuguese philology$vPeriodicals.
=650  \0$aSpanish literature$vPeriodicals.
=650  \0$aPortuguese literature$vPeriodicals.
=651  \0$aSpain$xCivilization$vPeriodicals.
=651  \0$aLatin America$xCivilization$vPeriodicals.
=651  \0$aPortugal$xCivilization$vPeriodicals.
=710  2\$aUniversity of Glasgow.
=776  08$iAlso issued in print as:$tBulletin of Spanish studies (2002)$x1475-3820
=780  00$tBulletin of Hispanic studies$c(Abingdon. Online)$x1469-3550
=787  1\$tBulletin of Spanish studies (Online)
=852  41$aBritish Library$bHMNTS$jELD Digital store$3Volume 93:Issue 1(2016)-***Previous issues available in print copy
=852  41$aBritish Library$bDSC$j2909.139000$3Volume 83:Issue 1(2006)-Volume 88:Issue 7/8(2011)***See ESTAR for full holdings.
=856  \\$31850-9999$uhttp://www.tandfonline.com/$xBLDSS
=856  40$uhttp://www.tandfonline.com/toc/cbhs20/current
=859  \\$aELD$bejournal
=945  \\$aBULLETIN OF SPANISH STUDIES- UNIVERSITY OF GLASGOW.
=959  \\$fHeld but not currently received
=985  \\$aDo not merge ISSN record into this record or add 042 issnuk
=ACF  \\$aPrevious copyright fee: GBP17.00$c1\0$e01-jan-2010$fGBP17.00$g0$hP$5Uk
=ACF  \\$aPrevious copyright fee: GBP16.00$c1\0$e01-jan-2009$fGBP16.00$g0$hP$5Uk
=ACF  \\$aPrevious copyright fee: GBP15.00$c2\0$e01-apr-2008$fGBP15.00$g0$hP$5Uk
=ACF  \\$aPrevious Copyright Fee: GBP16.00$c2\0$e03-aug-2007$fGBP16.00$g0$hP$5Uk
=ACF  \\$aPrevious copyright fee: GBP21.00$c1\0$e01-jan-2011$fGBP21.00$g0$hP$5Uk
=ACF  \\$aPrevious copyright fee: GBP23.00$c1\0$e01-jan-2012$fGBP23.00$g0$hP$5Uk
=ACF  \\$aPrevious copyright fee: GBP23.50$c1\0$e01-jan-2013$fGBP23.50$g0$hP$5Uk
=ACF  \\$aPrevious copyright fee: GBP24.00$c1\0$e01-jan-2014$fGBP24.00$g0$hP$5Uk
=ACF  \\$aPrevious copyright fee: GBP25.00$c1\0$e01-jan-2015$fGBP25.00$g0$hP$5Uk
=ACF  \\$aPrevious copyright fee: GBP26.00$c1\0$e01-jan-2016$fGBP26.00$g0$hP$5Uk
=ACF  \\$aPrevious copyright fee: GBP28.00$c1\0$e01-jan-2017$fGBP28.00$g0$hP$5Uk
=ACF  \\$aPrevious copyright fee: GBP30.00$c1\0$e01-jan-2018$fGBP30.00$g0$hP$5Uk
=ACF  \\$aPrevious copyright fee: GBP32.00$c1\0$e01-jan-2019$fGBP32.00$g0$hP$5Uk
=ACF  \\$aPrevious copyright fee: GBP34.00$c1\0$e01-jan-2020$fGBP34.00$g0$hP$5Uk
=ACF  \\$aPrevious copyright fee: GBP35.00$c1\0$e01-jan-2021$fGBP35.00$g0$hP$5Uk
=CAT  \\$a6550$b40$c20070626$lBLL01$h1237
=CAT  \\$aBATCH-UPD$b00$c20141124$lBLL01$h1742
=CAT  \\$aBLDSS-3PM$b00$c20141130$lBLL01$h1249
=CAT  \\$aIPL-CLA$c20141231$lBLL01$h1655
=CAT  \\$aBATCH-UPD$b00$c20151119$lBLL01$h1521
=CAT  \\$a5997$b40$c20151215$lBLL01$h1004
=CAT  \\$a11147$b40$c20151222$lBLL01$h1235
=CAT  \\$aIPL-CLA$c20151231$lBLL01$h1925
=CAT  \\$a8478$b40$c20160203$lBLL01$h1111
=CAT  \\$aBATCH-UPD$b40$c20161011$lBLL01$h1230
=CAT  \\$aBATCH-UPD$b40$c20161122$lBLL01$h1443
=CAT  \\$aIPL-CLA$c20161230$lBLL01$h2218
=CAT  \\$aBATCH-UPD$b00$c20171121$lBLL01$h1623
=CAT  \\$aW1711-1005$c20171206$lBLL01$h1820
=CAT  \\$aIPL-CLA$c20171231$lBLL01$h1707
=CAT  \\$aBATCH-UPD$b00$c20181217$lBLL01$h1629
=CAT  \\$aIPL-CLA$c20181231$lBLL01$h1545
=CAT  \\$aBATCH-UPD$b00$c20191122$lBLL01$h1842
=CAT  \\$aIPL-CLA$c20191231$lBLL01$h1946
=CAT  \\$aBATCH-UPD$b00$c20201118$lBLL01$h1324
=CAT  \\$aIPL-CLA$c20201231$lBLL01$h1530
=CAT  \\$a14185$b40$c20220308$lBLL01$h1437
=CAT  \\$aBATCH-UPD$b40$c20221121$lBLL01$h1319
=CAT  \\$aIPL-CLA$c20221231$lBLL01$h1448
=CAT  \\$aR2308-1440$c20230824$lBLL01$h0929
=CAT  \\$aIPL-CLA$c20230930$lBLL01$h0809
=CFI  0\$aCurrent copyright fee: GBP37.00$c2\0$e01-oct-2023$fGBP37.00$g0$hP$5Uk
=CFI  2\$aPrevious copyright fee: GBP37.00$c1\0$e01-jan-2023$fGBP37.00$g0$hP$5Uk
=EST  \\$a1
=FFP  \\$aY$bBLDSS-3PM
=FIN  \\$aY
=FMT  \\$a  SE
=LAS  \\$aIPL-CLA$b00$c20230930$lBLL01$h0809
=LET  \0$aBulletin of Spanish studies (Electronic)
=LKR  \\$aPAR$b013316958$lBLL01$r776$mBulletin of Spanish studies (2002. Online)$nBulletin of Spanish studies (2002. Print)
=MNI  \\$a1475-3820
=TCO  \\$aCLA$bCLA$c008
=TOC  \\$aETOC

