=LDR  03584cas a2200829 a 4500
=001  013791743
=003  Uk
=005  20221231213858.0
=007  ta
=008  070712c200u9999ja\mr\p\\\\\\\0\\\d0jpn\\
=022  0\$a1881-9990$y1345-952X
=040  \\$aUk$beng$cUk
=042  \\$aukblsr
=082  04$a610.73095205$222
=222  \0$aNasu binzu smart nurse
=245  00$aNasu binzu =$bSmart nurse.
=246  31$aSmart nurse
=260  \\$aSuita :$bMedika Shuppan,$c2007-
=300  \\$av. :$bill. (some col.), col. ports. ;$c26 cm.
=310  \\$aMonthly
=336  \\$atext$2rdacontent
=337  \\$aunmediated$2rdamedia
=338  \\$avolume$2rdacarrier
=500  \\$aDescription based on: Vol. 9, no. 1 (Jan. 2007).
=500  \\$aKey title: Nāsu bīnzu, ISSN 1345-952X -vol. 8 (2006).
=540  \\$aCurrent Copyright Fee: GBP25.00$c0$5Uk
=650  \0$aNursing$xJapan$vPeriodicals.
=852  41$aBritish Library$bDSC$j6015.616700$3Volume 9, Number 1 (2007)-Volume 11, Number 12 (2009)
=945  \\$aNasu binzu smart nurse
=959  \\$fHeld but not currently received
=985  \\$aISSN has c/t from Nasu binzu to Nasu binzu smart nurse at 2007, however, this is just addition of parallel title so not c/t for our purposes
=ACF  \\$aPrevious copyright fee: GBP9.00$c0$e01-apr-2010$fGBP9.00$g0$hA$5Uk
=ACF  \\$aPrevious copyright fee: GBP6.00$c0$e01-apr-2008$fGBP6.00$g0$hA$5Uk
=ACF  \\$aPrevious Copyright Fee: GBP5.00$c0$e12-jul-2007$fGBP5.00$g0$hA$5Uk
=ACF  \\$aPrevious copyright fee: GBP10.50$c0$e01-jan-2011$fGBP10.50$g0$hA$5Uk
=ACF  \\$aPrevious copyright fee: GBP12.00$c0$e01-jan-2012$fGBP12.00$g0$hA$5Uk
=ACF  \\$aPrevious Copyright Fee: GBP12.30$c0$e01-jan-2014$fGBP12.30$g0$hA$5Uk
=ACF  \\$aPrevious Copyright Fee: GBP15.00$c0$e01-jan-2017$fGBP15.00$g0$hA$5Uk
=ACF  \\$aPrevious Copyright Fee: GBP17.50$c0$e01-jan-2018$fGBP17.50$g0$hA$5Uk
=ACF  \\$aPrevious Copyright Fee: GBP20.00$c0$e01-jan-2020$fGBP20.00$g0$hA$5Uk
=CAT  \\$a11433$b40$c20070712$lBLL01$h1445
=CAT  \\$aCDS08-UPD$b40$c20090804$lBLL01$h1921
=CAT  \\$aBATCH-UPD$b40$c20100226$lBLL01$h0152
=CAT  \\$aBATCH-UPD$b40$c20100331$lBLL01$h2344
=CAT  \\$aBATCH-UPD$b40$c20100401$lBLL01$h0300
=CAT  \\$aBATCH$b00$c20100401$lBLL01$h0603
=CAT  \\$aBATCH$b00$c20100401$lBLL01$h1636
=CAT  \\$aBATCH-UPD$b00$c20101124$lBLL01$h1950
=CAT  \\$aBATCH-UPD$b00$c20101125$lBLL01$h1216
=CAT  \\$aIPL-CLA$c20101231$lBLL01$h1522
=CAT  \\$aWR11_203$c20111204$lBLL01$h1512
=CAT  \\$aIPL-CLA$c20111230$lBLL01$h2027
=CAT  \\$aBATCH-CLA$b00$c20121109$lBLL01$h1724
=CAT  \\$aBATCH-CLA$c20131220$lBLL01$h2043
=CAT  \\$aIPL-CLA$c20140101$lBLL01$h0021
=CAT  \\$aBATCH-CLA$b00$c20161222$lBLL01$h1814
=CAT  \\$aIPL-CLA$c20161230$lBLL01$h2219
=CAT  \\$aBATCH-CLA$b00$c20171222$lBLL01$h2137
=CAT  \\$aIPL-CLA$c20171231$lBLL01$h1708
=CAT  \\$aBATCH-CLA$b00$c20191219$lBLL01$h1739
=CAT  \\$aIPL-CLA$c20191231$lBLL01$h1946
=CAT  \\$aR2001-1524$c20200127$lBLL01$h2023
=CAT  \\$aBATCH-CLA$b00$c20201204$lBLL01$h1543
=CAT  \\$aIPL-CLA$c20201231$lBLL01$h2222
=CAT  \\$aBATCH-CLA$b00$c20221221$lBLL01$h1853
=CAT  \\$aIPL-CLA$c20221231$lBLL01$h2138
=CFI  0\$aCurrent Copyright Fee: GBP25.00$c0$e01-jan-2023$fGBP25.00$g0$hA$5Uk
=CFI  2\$aPrevious Copyright Fee: GBP22.50$c0$e01-jan-2021$fGBP22.50$g0$hA$5Uk
=FIN  \\$aY$d20070925
=FMT  \\$a  SE
=LAS  \\$aIPL-CLA$b00$c20221231$lBLL01$h2138
=TCO  \\$aJPN$bJAACC$c008

