=LDR  02307 as a2200625 a 4500
=001  013796975
=003  Uk
=005  20100203104508.0
=007  ta
=008  070719c20069999enkmx\p\\\\\\\0\\\a0eng\\
=015  \\$aGBA756790$2bnb
=022  0\$y1752-6892
=040  \\$aUk$beng$cUk$dUk
=042  \\$aukblsr
=082  04$a306.77$222
=245  00$aForum presents BDSM.
=246  13$aForum presents swinging
=246  13$aForum presents fetish
=246  17$aForum presents the best of BDSM$f<v. 1, no. 4>
=246  17$aForum presents the best of swinging$f<v. 1, no. 5>
=246  17$aForum presents the best of fetish$fv. 1, no. 3
=260  \\$aLondon :$bTrojan,$c[2006]-
=300  \\$av. :$bill. (some col.) ;$c21 cm.
=310  \\$aIssued every six weeks
=336  \\$atext$2rdacontent
=337  \\$aunmediated$2rdamedia
=338  \\$avolume$2rdacarrier
=362  1\$aBegan in 2006.
=500  \\$aIssues alternate between three titles: Forum presents BDSM; Forum presents swinging; Forum presents fetish.
=500  \\$aDescription based on: Vol. 1, no. 3; latest issue consulted: v. 1, no. 7.
=580  \\$aConsists of readers' stories originally published in: Forum.
=650  \0$aSadomasochism$vPeriodicals.
=650  \0$aGroup sex$vPeriodicals.
=650  \0$aFetishism (Sexual behavior)$vPeriodicals.
=690  7\$aSocial Welfare$2blcoll
=780  00$tForum presents the best of swinging
=785  01$tForum presents swinging$x1754-2162
=785  01$tDesire presents BDSM$x2042-7492
=785  01$tDesire presents fetish$x2042-9223
=852  41$aBritish Library$bHMNTS$jRH.9.x.1732$3Vol. 1, no. 3 [2006]-v. 1, no. 9 (2007)
=985  \\$aSeparate ISSN record at 013566673
=CAT  \\$a8323$b40$c20070719$lBLL01$h0957
=CAT  \\$a5997$b40$c20071218$lBLL01$h1145
=CAT  \\$a5997$b40$c20080102$lBLL01$h0856
=CAT  \\$a5997$b40$c20080102$lBLL01$h0857
=CAT  \\$a10806$b40$c20091221$lBLL01$h1530
=CAT  \\$a10806$b40$c20100203$lBLL01$h1027
=CAT  \\$a10806$b40$c20100203$lBLL01$h1045
=CAT  \\$aBATCH$b00$c20110625$lBLL01$h0529
=CAT  \\$aBATCH-SWP4$c20110627$lBLL01$h1612
=CAT  \\$aWR14_140$c20140905$lBLL01$h1815
=FIN  \\$aY$d20070719
=FMT  \\$a  SE
=LAS  \\$aWR14_140$b00$c20140905$lBLL01$h1815
=TCO  \\$aCLA$bCLA$c008

