=LDR  01885 ai a2200505 a 4500
=001  013802266
=003  Uk
=005  20110929092018.0
=007  td
=008  070726c200u9999enkqr\l\\f\\\\0\\\a2eng\\
=015  \\$aGBB105710$2bnb
=022  0\$a1746-7810$y1745-0403
=040  \\$aUk$beng$cUk
=042  \\$aukblsr
=082  04$a338.476151$222
=222  \0$aGeneric companies analysis$b(Print)
=245  00$aGeneric companies analysis.
=246  30$aGCA
=260  \\$aChichester :$bEspicom Business Intelligence
=300  \\$av. (loose-leaf) ;$c30 cm.
=310  \\$aUpdated quarterly
=336  \\$atext$2rdacontent
=337  \\$aunmediated$2rdamedia
=338  \\$avolume$2rdacarrier
=500  \\$aSize does not include binder.
=588  \\$aDescription based on: 2009/Q1.
=650  \0$aPharmaceutical industry.
=650  \0$aGeneric drugs.
=650  \0$aBusiness enterprises$xEvaluation.
=650  \0$aMarket surveys.
=690  7\$aManagement and Business Studies$2blcoll
=710  2\$aEspicom Business Intelligence.
=776  0\$tGeneric companies analysis$c(Online)$x1746-7829
=852  11$aBritish Library$bSTI$cBIPC$k(B) MKT$h338.476151$mBusiness$3Quarter 2 (2005)- Vol 6, issue 4(2010)***Current issue
=852  41$aBritish Library$bHMNTS$jZC.9.b.9270$32007-***Earlier issues
=985  \\$a"New/updated company reports" published quarterly to file into binder. Reports are updated and added to. Done as Int. Res. to cope with updated material, CS 11/1/11. Do not merge with ISSN record on#013128494
=CAT  \\$a9649$b40$c20070726$lBLL01$h1408
=CAT  \\$a8124$b40$c20110111$lBLL01$h1158
=CAT  \\$a8124$b40$c20110111$lBLL01$h1202
=CAT  \\$a8124$b40$c20110929$lBLL01$h0920
=CAT  \\$aBATCH-MBS$c20120316$lBLL01$h2104
=FIN  \\$aY$d20110111
=FMT  \\$a  SE
=LAS  \\$aBATCH-MBS$b00$c20120316$lBLL01$h2104
=TCO  \\$aCLA$bCLA$c008

