=LDR  01475 ai a2200433 a 4500
=001  013802328
=003  Uk
=005  20111019094714.0
=007  td
=008  070726c20049999enkmr\l\\\\\\\0\\\a2eng\\
=022  0\$a1745-0403
=040  \\$aUk$beng$cUk
=042  \\$aukblsr
=082  04$a338.476151$222
=222  \0$aGeneric markets analysis$b(Print)
=245  00$aGeneric markets analysis /$cEspicom Business Intelligence.
=246  13$aGMA
=260  \\$aChichester :$bEspicom Business Intelligence,$c[2004]-
=300  \\$av. (loose-leaf) :$bill. ;$c30 cm.
=310  \\$aUpdated monthly
=336  \\$atext$2rdacontent
=337  \\$aunmediated$2rdamedia
=338  \\$avolume$2rdacarrier
=500  \\$aSize does not include binder.
=650  \0$aMarket surveys.
=650  \0$aPharmaceutical industry.
=650  \0$aGeneric drugs.
=690  7\$aManagement and Business Studies$2blcoll
=710  2\$aEspicom Business Intelligence.
=776  0\$tGeneric markets analysis$c(Online)$x1745-0411
=852  41$aBritish Library$bHMNTS$jZC.9.b.9384$3Sep. (2005)- Oct. (2006)
=985  \\$aCatalogued from 2005/2006 updates. Main Work not available at 19/10/11, CS. **DO NOT MERGE with ISSN record on #012970743**
=CAT  \\$a9649$b40$c20070726$lBLL01$h1529
=CAT  \\$a8124$b40$c20111019$lBLL01$h0947
=CAT  \\$aBATCH-MBS$c20120622$lBLL01$h2106
=FIN  \\$aY$d20111019
=FMT  \\$a  SE
=LAS  \\$aBATCH-MBS$b00$c20120622$lBLL01$h2106
=TCO  \\$aZZZ$c008

