=LDR  02863 as a2200733 a 4500
=001  013802861
=003  Uk
=005  20090804192150.0
=007  ta
=008  070727c19859999cc\sr\p\\\\\\\0\\\e0chi\\
=022  0\$y1007-614X
=040  \\$aUk$beng$cUk
=042  \\$aukblsr
=082  04$a610.95105$222
=245  00$aZhongguo shequ yishi =$bChinese community doctors.
=246  31$aChinese community doctors
=260  \\$aChangchun :$bJilin Kexue Jishu Chubanshe,$c1985-.
=300  \\$av. :$bill. ;$c28 cm.
=310  \\$aSemimonthly
=336  \\$atext$2rdacontent
=337  \\$aunmediated$2rdamedia
=338  \\$avolume$2rdacarrier
=362  0\$aBegan in 1985.
=500  \\$aDescription based on: Vol. 23, no. 1 (Jan. 2007)  = 319.
=540  \\$aBritish Library not licensed to copy$c0$5Uk
=650  \0$aMedical care$zChina$vPeriodicals.
=650  \0$aMedicine$zChina$vPeriodicals.
=852  41$aBritish Library$bDSC$j9512.797970$3Vol. 19, no. 1, Issue 223 (2003)-v. 26, no. 48, issue 438 (2010)
=945  \\$aZhongguo shequ yishi
=959  \\$fHeld but not currently received
=985  \\$aPrinting incorrect ISSN - belongs to another title
=ACF  \\$aPrevious copyright fee: GBP9.00$c0$e01-apr-2010$fGBP9.00$g0$hA$5Uk
=ACF  \\$aPrevious copyright fee: GBP6.00$c0$e01-apr-2008$fGBP6.00$g0$hA$5Uk
=ACF  \\$aPrevious Copyright Fee: GBP5.00$c0$e08-aug-2007$fGBP5.00$g0$hA$5Uk
=CAT  \\$a9726$b40$c20070727$lBLL01$h1318
=CAT  \\$a11433$b40$c20070808$lBLL01$h1114
=CAT  \\$a10969$b40$c20071018$lBLL01$h1428
=CAT  \\$a8124$b40$c20071031$lBLL01$h0952
=CAT  \\$a8124$b40$c20071031$lBLL01$h1553
=CAT  \\$aBATCH-UPD$b40$c20080223$lBLL01$h2304
=CAT  \\$aBATCH-UPD$b40$c20080226$lBLL01$h0231
=CAT  \\$aBATCH-UPD$b40$c20080330$lBLL01$h0820
=CAT  \\$aBATCH-UPD$b40$c20080330$lBLL01$h1613
=CAT  \\$aBATCH$b00$c20080330$lBLL01$h2314
=CAT  \\$aCDS08-UPD$b40$c20090804$lBLL01$h1921
=CAT  \\$aBATCH-UPD$b40$c20100226$lBLL01$h0152
=CAT  \\$aBATCH-UPD$b40$c20100331$lBLL01$h2344
=CAT  \\$aBATCH-UPD$b40$c20100401$lBLL01$h0300
=CAT  \\$aBATCH$b00$c20100401$lBLL01$h0603
=CAT  \\$aBATCH$b00$c20100401$lBLL01$h1636
=CAT  \\$aBATCH-UPD$b00$c20101124$lBLL01$h1950
=CAT  \\$aBATCH-UPD$b00$c20101125$lBLL01$h1216
=CAT  \\$aIPL-CLA$c20101231$lBLL01$h1522
=CAT  \\$aBATCH-UPD$b00$c20110907$lBLL01$h1829
=CAT  \\$aIPL-CLA$c20110908$lBLL01$h1744
=CAT  \\$aWR11_155$c20120104$lBLL01$h1853
=CAT  \\$aWR11_155$c20120104$lBLL01$h1902
=CAT  \\$aBATCH-CLA$b00$c20121109$lBLL01$h1724
=CAT  \\$aWR12_168$c20121206$lBLL01$h1818
=CFI  2\$aPrevious copyright fee: GBP10.50$c0$e01-jan-2011$fGBP10.50$g0$hA$5Uk
=FIN  \\$aY$d20071031
=FMT  \\$a  SE
=LAS  \\$aWR12_168$b00$c20121206$lBLL01$h1818
=TCO  \\$aZZZ$c008

