=LDR  05111cai a2200853 a 4500
=001  013810451
=003  Uk
=005  20230210010604.0
=007  td
=008  070807c19999999enkqr\l\\s\\\\0\\\a2eng\\
=022  0\$a1743-0259
=040  \\$aUk$beng$cUk$dUk
=042  \\$aukblsr
=082  04$a332.6322105$222
=222  \0$aInternational dividend & interest service
=245  00$aInternational dividend & interest service.
=246  3\$aInternational dividend and interest service
=246  3\$aInternational dividend and interest record
=247  10$aInternational dividend & interest record$f1999-Dec. 2003$x1742-8920
=260  \\$aLondon :$bFinancial Times Information,$c1999-
=260  2\$aLondon :$bFT Interactive Data
=260  3\$32005-$aLondon :$bInteractive Data (Europe)
=300  \\$av. (loose-leaf) ;$c32 cm.
=310  \\$aUpdated twice a year,$b<2013/2014- >
=321  \\$aUpdated four times a year
=336  \\$atext$2rdacontent
=337  \\$aunmediated$2rdamedia
=338  \\$avolume$2rdacarrier
=500  \\$aUntil 2005/2006 issued in 5 vols covering: Europe (A-H); Europe (I-Z); Africa, Asia and Australasia; USA; The Americas (excluding USA). From 2006/2007-2009/2010 published in 6 vols covering: Europe (A-H); Europe (I-Z); Africa, Asia and Australasia; The Americas (excluding USA); USA (funds); USA (excluding funds). From 2010/2011-2011/2012 issued in 6 vols covering: Europe (A-H); Europe (I-Z); Africa, Asia and Australasia; USA-excluding funds; USA-funds; The Americas (excluding USA); from 2012/2013-2013/2014 issued in 7 vols: Europe (A-H); Europe(L-Z); Africa, Asia and Australasia (excluding Japan); Japan; USA-excluding funds; USA-funds; The Americas (excluding USA) ; from 2014/2015 issued in 8 vols: Europe (A-L); Europe(M-Z); Africa, Australasia and Asia (excluding Japan); Japan; USA-excluding funds; USA-funds (A-I); USA-funds (J-Z); The Americas (excluding USA)
=500  \\$aIssues until 2005 described on t.p. as: "Part of the Securities taxation service".
=500  \\$aDescription based on 2014/2015 issue, updated to June 30th 2014.
=515  \\$aThree issues updated every three months published between June and Dec., fourth updated issue for the full tax year published in Apr.; <2011->: June issue covers all announcements made up to 30th June, with Apr. issue of next year containing full tax year's information.
=530  \\$aAlso issued on CD-ROM.
=540  \\$aCurrent Copyright Fee: GBP25.00$c0$5Uk
=650  \0$aSecurities$xStatistics$vPeriodicals.
=650  \0$aDividends$xStatistics$vPeriodicals.
=650  \0$aInterest$xStatistics$vPeriodicals.
=690  7\$aManagement and Business Studies$2blcoll
=710  2\$aFT Interactive Data (Organization)
=710  2\$aInteractive Data (Europe) Limited.
=852  41$aBritish Library$bHMNTS$jZC.9.d.476
=985  \\$aExisting serial (Acquisitions) and open mono (HMNTS and BNB bib) records converted into Integrating Resource format and c/t incorporated.A new section covering each area is published forApril - June. A complete replacement of the pages is then issued quarterly, cumulating through the year- (April to September, April to Septbember, April to December.) New sets of binders are issued periodically, decision made not to treat these as new editions. M.Brook 07.08.07.
=985  \\$aSeparate sequence of records for ISSN, DO NOT MERGE with this Integrating Resource.
=ACF  \\$aPrevious Copyright Fee: GBP12.30$c0$e01-jul-2016$fGBP12.30$g0$hC$5Uk
=ACF  \\$aPrevious Copyright Fee: GBP15.00$c0$e01-jan-2017$fGBP15.00$g0$hC$5Uk
=ACF  \\$aPrevious Copyright Fee: GBP17.50$c0$e01-jan-2018$fGBP17.50$g0$hC$5Uk
=ACF  \\$aPrevious Copyright Fee: GBP20.00$c0$e01-jan-2020$fGBP20.00$g0$hC$5Uk
=ACF  \\$aPrevious Copyright Fee: GBP22.50$c0$e01-jan-2021$fGBP22.50$g0$hC$5Uk
=CAT  \\$a8128$b40$c20070807$lBLL01$h1525
=CAT  \\$a8128$b40$c20070807$lBLL01$h1539
=CAT  \\$aBATCH$b00$c20090625$lBLL01$h1703
=CAT  \\$a8323$b40$c20130730$lBLL01$h0831
=CAT  \\$a8124$b40$c20140903$lBLL01$h0737
=CAT  \\$aBATCH-CLA$b00$c20160531$lBLL01$h1620
=CAT  \\$aIPL-CLA$c20160630$lBLL01$h1605
=CAT  \\$aBATCH-CLA$b00$c20161130$lBLL01$h1646
=CAT  \\$aIPL-CLA$c20161230$lBLL01$h2220
=CAT  \\$aBATCH-CLA$b00$c20171130$lBLL01$h1712
=CAT  \\$aIPL-CLA$c20171231$lBLL01$h1708
=CAT  \\$aBATCH-CLA$b00$c20191129$lBLL01$h1629
=CAT  \\$aIPL-CLA$c20191231$lBLL01$h1947
=CAT  \\$aBATCH-CLA$b00$c20201126$lBLL01$h1419
=CAT  \\$aIPL-CLA$c20201231$lBLL01$h2223
=CAT  \\$aBATCH-CLA$b00$c20221130$lBLL01$h1457
=CAT  \\$aIPL-CLA$c20221231$lBLL01$h2139
=CAT  \\$aBATCH-CLA$b00$c20230209$lBLL01$h1544
=CAT  \\$aIPL-CLA$c20230210$lBLL01$h0106
=CFI  0\$aCurrent Copyright Fee: GBP25.00$c0$e09-feb-2023$fGBP25.00$g0$hC$5Uk
=CFI  2\$aBritish Library not licensed to copy$c0$e01-jan-2023$hC$iCFP Excluded$5Uk
=FIN  \\$aY$d20070807
=FMT  \\$a  SE
=LAS  \\$aIPL-CLA$b00$c20230210$lBLL01$h0106
=SRC  \\$aDSS04$bbibld.200404.2.aa
=TCO  \\$aCLA$bCLA$c008

