=LDR  03597cam a22008537a 4500
=001  013821148
=003  Uk
=005  20220930160026.0
=008  070817s2007\\\\xxua\\\\\b\\\\101\0\eng\\
=020  \\$a0769527558 (pbk.)
=040  \\$aUk$beng$cUk
=245  00$a2007 40th Hawaii international conference on system sciences.
=260  \\$aPiscataway, N.J. :$bIEEE,$cc2007.
=300  \\$a10 v. (various pagings) :$bill. ;$c28 cm.
=336  \\$atext$2rdacontent
=337  \\$aunmediated$2rdamedia
=338  \\$avolume$2rdacarrier
=500  \\$aIEEE catalogue no.: 07PR2755.
=504  \\$aIncludes bibliographical references and author index.
=540  \\$aCurrent copyright fee: GBP27.50$c32\0$5Uk
=591  \\$aPapers. Also known as HICSS.
=595  \\$aFor selected papers see 5072.495200 v.18 no. 4 2007
=653  1\$aSystem sciences
=653  1\$aHICSS
=653  2\$aIEEE
=710  2\$aInstitute of Electrical and Electronics Engineers.
=852  41$aBritish Library$bDSC$j4273.902400$i40th, v. 6
=852  41$aBritish Library$bDSC$j4273.902400$i40th, v. 9
=852  41$aBritish Library$bDSC$j4273.902400$i40th, v. 8
=852  41$aBritish Library$bDSC$j4273.902400$i40th, v. 5
=852  41$aBritish Library$bDSC$j4273.902400$i40th, v. 1
=852  41$aBritish Library$bDSC$j4273.902400$i40th, v. 2
=852  41$aBritish Library$bDSC$j4273.902400$i40th, v. 3
=852  41$aBritish Library$bDSC$j4273.902400$i40th, v. 7
=852  41$aBritish Library$bDSC$j4273.902400$i40th, v. 10
=852  41$aBritish Library$bDSC$jYP.2008.a.2251$i40th, v. 4
=856  \\$31850-9999$uhttp://ieeexplore.ieee.org/Xplore/home.jsp$xBLDSS
=985  \\$aHawaii international conference on system sciences, ISSN 1530-1605 ; 40th 2007
=ACF  \\$aPrevious copyright fee: GBP26.40$c32\0$e01-jul-2020$fGBP26.40$g0$hP$5Uk
=CAT  \\$a6098$b40$c20070817$lBLL01$h1033
=CAT  \\$aBATCH-CLA$b00$c20190830$lBLL01$h0235
=CAT  \\$aIPL-CLA$c20190930$lBLL01$h1642
=CAT  \\$aBATCH-UPD$b00$c20200219$lBLL01$h1532
=CAT  \\$aBATCH-CLA$b00$c20200220$lBLL01$h0459
=CAT  \\$aBATCH-CLA$b00$c20200220$lBLL01$h0512
=CAT  \\$aIPL-CLA$c20200331$lBLL01$h1618
=CAT  \\$aBATCH-UPD$b00$c20200522$lBLL01$h1516
=CAT  \\$aBATCH-CLA$b00$c20200523$lBLL01$h0519
=CAT  \\$aBATCH-CLA$b00$c20200523$lBLL01$h0535
=CAT  \\$aIPL-CLA$c20200701$lBLL01$h0100
=CAT  \\$aBATCH-UPD$b00$c20210226$lBLL01$h1058
=CAT  \\$aBATCH-CLA$b00$c20210227$lBLL01$h0509
=CAT  \\$aBATCH-CLA$b00$c20210227$lBLL01$h0525
=CAT  \\$aIPL-CLA$c20210331$lBLL01$h1847
=CAT  \\$aBATCH-UPD$b00$c20210707$lBLL01$h1622
=CAT  \\$aIPL-CLA$c20210707$lBLL01$h1957
=CAT  \\$aBATCH-CLA$b00$c20210708$lBLL01$h0439
=CAT  \\$aBATCH-UPD$b00$c20220520$lBLL01$h1703
=CAT  \\$aBATCH-CLA$b00$c20220521$lBLL01$h0445
=CAT  \\$aBATCH-CLA$b00$c20220521$lBLL01$h0459
=CAT  \\$aIPL-CLA$c20220630$lBLL01$h1712
=CAT  \\$aBATCH-UPD$b00$c20220824$lBLL01$h0926
=CAT  \\$aBATCH-CLA$b00$c20220825$lBLL01$h0458
=CAT  \\$aBATCH-CLA$b00$c20220825$lBLL01$h0508
=CAT  \\$aIPL-CLA$c20220930$lBLL01$h1600
=CFI  0\$aCurrent copyright fee: GBP27.50$c32\0$e01-oct-2022$fGBP27.50$g0$hP$5Uk
=CFI  2\$aPrevious copyright fee: GBP26.40$c32\0$e01-jul-2022$fGBP26.40$g0$hP$5Uk
=CNF  \\$aHawaii international conference on system sciences$n(40th :$d2007 Jan :$cWaikoloa, HI)
=FFP  \\$aY$bBLDSS-3PM
=FIN  \\$aY$d20070820
=FMT  \\$a  BK
=LAS  \\$aIPL-CLA$b00$c20220930$lBLL01$h1600
=TCO  \\$aTRS$bCCC$c008
=UNO  \\$aY

