=LDR  04056cas a2200853 a 4500
=001  013821370
=003  Uk
=005  20221231214025.0
=007  ta
=008  070817c20079999gw\qr\p\\\\\\\0\\\a0eng\\
=022  0\$y1864-1318
=040  \\$aUk$beng$cUk
=041  0\$aeng$afre$ager
=042  \\$aukblsr
=082  04$a579.805$222
=130  0\$aAlgological studies (Stuttgart, Germany : 2007)
=245  10$aAlgological studies :$bofficial journal of the International Association of Theoretical and Applied Limnology.
=260  \\$aStuttgart :$bSchweizerbart'sche Verlagsbuchhandlung,$c2007-.
=300  \\$av. :$bill. ;$c25 cm.
=310  \\$aFour issues yearly.
=336  \\$atext$2rdacontent
=337  \\$aunmediated$2rdamedia
=338  \\$avolume$2rdacarrier
=362  0\$a123-
=540  \\$aCurrent Copyright Fee: GBP25.00$c0$5Uk
=650  \0$aAlgology$vPeriodicals
=710  2\$aInternational Association of Theoretical and Applied Limnology.
=780  00$tAlgological studies$x0342-1120
=852  41$aBritish Library$bDSC$j0787.330100$3No. 123 (2007)-no. 132 (2009)***UKRR Retained Title
=945  \\$aAlgological studies -New Series-
=959  \\$fHeld but not currently received
=985  \\$aNew record created as serial has undergone a new start separate from "Archiv für Hydrobiologie". Issues for previous incarnation recorded at record no: 010464464, "Archiv für Hydrobiologie. Supplementband". New ISSN assigned but not validated at point of cataloguing. MBrook.
=ACF  \\$aPrevious Copyright Fee: GBP6.00$c0$e01-oct-2008$fGBP6.00$g0$hC$5Uk
=ACF  \\$aPrevious copyright fee: GBP6.00$c0$e01-apr-2008$fGBP6.00$g0$hA$5Uk
=ACF  \\$aPrevious Copyright Fee: GBP5.00$c0$e03-sep-2007$fGBP5.00$g0$hA$5Uk
=ACF  \\$aPrevious copyright fee: GBP10.50$c0$e01-jan-2011$fGBP10.50$g0$hA$5Uk
=ACF  \\$aPrevious copyright fee: GBP12.00$c0$e01-jan-2012$fGBP12.00$g0$hA$5Uk
=ACF  \\$aPrevious Copyright Fee: GBP12.30$c0$e01-jan-2014$fGBP12.30$g0$hA$5Uk
=ACF  \\$aPrevious Copyright Fee: GBP15.00$c0$e01-jan-2017$fGBP15.00$g0$hA$5Uk
=ACF  \\$aPrevious Copyright Fee: GBP17.50$c0$e01-jan-2018$fGBP17.50$g0$hA$5Uk
=ACF  \\$aPrevious Copyright Fee: GBP20.00$c0$e01-jan-2020$fGBP20.00$g0$hA$5Uk
=CAT  \\$a8128$b40$c20070817$lBLL01$h1354
=CAT  \\$aBATCH-UPD$b00$c20080930$lBLL01$h2255
=CAT  \\$aBATCH-UPD$b00$c20081001$lBLL01$h0013
=CAT  \\$aBATCH$b00$c20081001$lBLL01$h0129
=CAT  \\$a8180$b40$c20081002$lBLL01$h1141
=CAT  \\$aCDS08-UPD$b40$c20090804$lBLL01$h1921
=CAT  \\$aBATCH-UPD$b40$c20101201$lBLL01$h1250
=CAT  \\$aIPL-CLA$c20101231$lBLL01$h1522
=CAT  \\$aWR11_203$c20111204$lBLL01$h1512
=CAT  \\$aIPL-CLA$c20111230$lBLL01$h2028
=CAT  \\$aBATCH-CLA$b00$c20121109$lBLL01$h1724
=CAT  \\$aBATCH-CLA$c20131220$lBLL01$h2043
=CAT  \\$aIPL-CLA$c20140101$lBLL01$h0022
=CAT  \\$aWR14_140$c20140905$lBLL01$h1816
=CAT  \\$aBATCH-CLA$b00$c20161222$lBLL01$h1814
=CAT  \\$aIPL-CLA$c20161230$lBLL01$h2220
=CAT  \\$aBATCH-CLA$b00$c20171222$lBLL01$h2137
=CAT  \\$aIPL-CLA$c20171231$lBLL01$h1709
=CAT  \\$a10932$b40$c20180725$lBLL01$h1622
=CAT  \\$aBATCH-CLA$b00$c20191219$lBLL01$h1740
=CAT  \\$aIPL-CLA$c20191231$lBLL01$h1947
=CAT  \\$aR2001-1524$c20200127$lBLL01$h2023
=CAT  \\$aBATCH-CLA$b00$c20201204$lBLL01$h1543
=CAT  \\$aIPL-CLA$c20201231$lBLL01$h2223
=CAT  \\$aBATCH-CLA$b00$c20221221$lBLL01$h1853
=CAT  \\$aIPL-CLA$c20221231$lBLL01$h2140
=CFI  0\$aCurrent Copyright Fee: GBP25.00$c0$e01-jan-2023$fGBP25.00$g0$hA$5Uk
=CFI  2\$aPrevious Copyright Fee: GBP22.50$c0$e01-jan-2021$fGBP22.50$g0$hA$5Uk
=FIN  \\$aY$d20070817
=FMT  \\$a  SE
=LAS  \\$aIPL-CLA$b00$c20221231$lBLL01$h2140
=LKR  \\$aPAR$b009827191$lBLL01$r78000$mAlgological studies : official journal of the International Association of Theoretical and Applied Limnology.$nArchiv für Hydrobiologie. Supplementband, Algological studies
=TCO  \\$aDEU$bVG WORT$c008

