=LDR  05544cas a2201117 a 4500
=001  013822471
=003  Uk
=005  20230209233716.0
=007  ta
=008  070821c20089999xxcqr\p\\\\\\\0\\\a0eng\\
=015  \\$aGBA8E2107$2bnb
=022  0\$a1755-7437
=040  \\$aUk$beng$cUk
=042  \\$aukblsr
=082  04$a620.0042$222
=222  \0$aInternational journal of design & nature and ecodynamics$b(Print)
=245  00$aInternational journal of design & nature and ecodynamics :$ba transdisciplinary journal relating to nature, science and the humanities.
=246  3\$aInternational journal of design and nature and ecodynamics
=260  \\$aSouthampton :$bWIT Press,$c2008-
=264  31$32020-$aEdmonton, Canada :$bInternational Information & Engineering Technology Association
=300  \\$av. :$bill. ;$c26 cm.
=310  \\$aQuarterly
=336  \\$atext$2rdacontent
=337  \\$aunmediated$2rdamedia
=338  \\$avolume$2rdacarrier
=362  1\$aBegan in 2008.
=500  \\$aDescription based on: Vol. 3, no. 3 (2008).
=540  \\$aCurrent Copyright Fee: GBP17.00$c0$5Uk
=580  \\$aFormed by the union of: International journal of ecodynamics, and, International journal of design & nature.
=588  \\$aLatest issue consulted: volume 15, number 1 (February 2020).
=650  \0$aNature$vPeriodicals.
=650  \0$aDesign$vPeriodicals.
=650  \0$aEngineering design$vPeriodicals.
=650  \0$aThermodynamics$vPeriodicals.
=650  \0$aSustainable development$vPeriodicals.
=710  2\$aInternational Information & Engineering Technology Association,$eissuing body.
=776  0\$tInternational journal of design & nature and ecodynamics$c(Online)$x1755-7445
=780  14$tInternational journal of ecodynamics$x1743-5242
=780  14$tInternational journal of design & nature$x1744-3687
=852  11$aBritish Library$bSTI$k(P)$h620.0042$m-E(4)$3Vol. 3, no. 1 (2008)-v. 14, no. 4 (2019)
=852  41$aBritish Library$bDSC$j4542.185001$3Vol. 3, No. 1 (2008)-v. 14 (2019)***Stock incomplete. Deficient: v. 11, no. 1 and no. 2 (2016)***UKRR Retained Title
=945  \\$aInternational journal of design & nature and ecodynamics
=959  \\$fHeld but not currently received
=985  \\$aCONFERENCE ANALYTIC RECORDS EXIST
=985  \\$aISSN transferred to ISSN Canada (18/06/20)
=ACF  \\$aPrevious Copyright Fee: GBP17.00$c0$e01-apr-2012$fGBP17.00$g0$hC$5Uk
=ACF  \\$aPrevious Copyright Fee: GBP17.00$c0$e01-jan-2012$fGBP17.00$g0$hC$5Uk
=ACF  \\$aPrevious Copyright Fee: GBP17.00$c0$e01-oct-2011$fGBP17.00$g0$hC$5Uk
=ACF  \\$aPrevious Copyright Fee: GBP17.00$c0$e01-jul-2011$fGBP17.00$g0$hC$5Uk
=ACF  \\$aPrevious Copyright Fee: GBP17.00$c0$e01-apr-2011$fGBP17.00$g0$hC$5Uk
=ACF  \\$aPrevious Copyright Fee: GBP17.00$c0$e01-jan-2011$fGBP17.00$g0$hC$5Uk
=ACF  \\$aPrevious Copyright Fee: GBP17.00$c0$e01-oct-2010$fGBP17.00$g0$hC$5Uk
=ACF  \\$aPrevious Copyright Fee: GBP17.00$c0$e01-jul-2010$fGBP17.00$g0$hC$5Uk
=ACF  \\$aPrevious Copyright Fee: GBP17.00$c0$e01-apr-2010$fGBP17.00$g0$hC$5Uk
=ACF  \\$aPrevious Copyright Fee: GBP17.00$c0$e01-Jan-2010$fGBP17.00$g0$hC$5Uk
=ACF  \\$aPrevious Copyright Fee: GBP17.00$c0$e01-oct-2009$fGBP17.00$g0$hC$5Uk
=ACF  \\$aPrevious copyright fee: GBP6.00$c0$e12-jan-2009$fGBP6.00$g0$hA$5Uk
=ACF  \\$aPrevious Copyright Fee: GBP17.00$c0$e01-jul-2012$fGBP17.00$g0$hC$5Uk
=ACF  \\$aPrevious Copyright Fee: GBP17.00$c0$e01-oct-2012$fGBP17.00$g0$hC$5Uk
=CAT  \\$a6537$b40$c20070821$lBLL01$h0943
=CAT  \\$aBATCH-CLA$b00$c20110228$lBLL01$h1538
=CAT  \\$aIPL-CLA$c20110331$lBLL01$h1507
=CAT  \\$aBATCH-CLA$b00$c20110531$lBLL01$h1626
=CAT  \\$aIPL-CLA$c20110630$lBLL01$h1547
=CAT  \\$aBATCH-CLA$b00$c20110831$lBLL01$h1746
=CAT  \\$aIPL-CLA$c20110930$lBLL01$h1551
=CAT  \\$aBATCH-CLA$b00$c20111130$lBLL01$h1203
=CAT  \\$aIPL-CLA$c20111230$lBLL01$h2028
=CAT  \\$aBATCH-CLA$b00$c20120229$lBLL01$h1613
=CAT  \\$aIPL-CLA$c20120330$lBLL01$h1439
=CAT  \\$aBATCH-CLA$b00$c20120531$lBLL01$h1715
=CAT  \\$aIPL-CLA$c20120629$lBLL01$h1037
=CAT  \\$aBATCH-CLA$b00$c20120831$lBLL01$h1536
=CAT  \\$aIPL-CLA$c20120930$lBLL01$h2128
=CAT  \\$a10934$b40$c20121105$lBLL01$h0818
=CAT  \\$aBATCH-CLA$b00$c20121109$lBLL01$h1724
=CAT  \\$aCDS15-UPD$b40$c20140630$lBLL01$h1054
=CAT  \\$aWR14_140$c20140905$lBLL01$h1816
=CAT  \\$a8335$b40$c20160212$lBLL01$h1134
=CAT  \\$a10806$b40$c20200129$lBLL01$h1000
=CAT  \\$a10806$b40$c20200617$lBLL01$h1411
=CAT  \\$a10806$b40$c20200618$lBLL01$h0852
=CAT  \\$a8335$b40$c20220131$lBLL01$h1411
=CAT  \\$aBATCH-CLA$b00$c20221130$lBLL01$h1425
=CAT  \\$aIPL-CLA$c20221231$lBLL01$h1448
=CAT  \\$aBATCH-CLA$b00$c20230209$lBLL01$h1513
=CAT  \\$aIPL-CLA$c20230209$lBLL01$h2337
=CFI  0\$aCurrent Copyright Fee: GBP17.00$c0$e09-feb-2023$fGBP17.00$g0$hC$5Uk
=CFI  2\$aBritish Library not licensed to copy$c0$e01-jan-2023$hC$iCFP Excluded$5Uk
=FIN  \\$aY$d20081218
=FMT  \\$a  SE
=LAS  \\$aIPL-CLA$b00$c20230209$lBLL01$h2337
=LKR  \\$aPAR$b012912931$lBLL01$r78014$mInternational journal of design & nature and ecodynamics (Print)$nInternational journal of ecodynamics (Print)
=LKR  \\$aPAR$b012929111$lBLL01$r78014$mInternational journal of design & nature and ecodynamics (Print)$nInternational journal of design & nature (Print)
=TCO  \\$aCLA$bCLA$c008
=TOC  \\$aETOC

