=LDR  02651aas a2200709 a 4500
=001  013889942
=003  Uk
=005  20100316095128.0
=007  hd\afa015bacu
=008  950421d19872009enkdx\nea\\\\\0\\\a0eng\\
=019  n\$aNLC0000068
=022  1\$a1472-5215
=040  \\$aUk$beng$cUk$dUk
=042  \\$aukblsr
=082  04$a072.1$222
=130  0\$aEvening standard (West End final edition)
=222  \0$aEvening standard$b(West End final ed.)
=245  10$aEvening standard$h[microform].
=250  \\$aWest End final ed.
=260  \\$aLondon :$bAssociated Newspapers,$c1987-2009.
=260  3\$32009$aLondon :$bEvening Standard Ltd
=300  \\$av. :$bill. (some col.), col. ports. ;$c40 cm.
=310  \\$aDaily (except Sat. and Sun.)
=336  \\$atext$2rdacontent
=337  \\$amicroform$2rdamedia
=338  \\$amicrofilm reel$2rdacarrier
=362  0\$a24 Nov. 1987-8 May 2009.
=500  \\$aFinal issue consulted.
=525  \\$aSupplements accompany some issues.
=533  \\$aMicrofilm$bLondon :$cBritish Library,$d-2009.$e35 mm.
=651  \0$aLondon (England)$vNewspapers.
=752  \\$aEngland$dLondon.$2blnpn
=780  01$tLondon evening standard
=785  00$tLondon evening standard (West End final edition)$x2041-4404
=852  41$31987-2009$aBritish Library$bHMNTS$zMicroform.$cSPHOA$kNRM$hMLD24
=866  \0$aNewspapers :24 Nov. 1987-8 May 2009.
=985  \\$aExisting NPL record upgraded for use as microfilm record.
=985  \\$aNPL title sequence does not match with ISSN sequence. DO NOT MERGE WITH ISSN RECORDS.
=CAT  \\$aBATCH-NPL$b00$c20070912$lBLL01$h1125
=CAT  \\$aBATCH-LINK$b00$c20070915$lBLL01$h0502
=CAT  \\$aBATCH$b00$c20070916$lBLL01$h1737
=CAT  \\$aB-BSS-DEL$b00$c20080331$lBLL01$h1537
=CAT  \\$aBATCH$b00$c20090416$lBLL01$h1356
=CAT  \\$a5997$b40$c20090624$lBLL01$h1619
=CAT  \\$a5997$b40$c20090625$lBLL01$h1155
=CAT  \\$a8323$b40$c20100316$lBLL01$h0855
=CAT  \\$a8323$b40$c20100316$lBLL01$h0856
=CAT  \\$a8323$b40$c20100316$lBLL01$h0911
=CAT  \\$a8323$b40$c20100316$lBLL01$h0927
=CAT  \\$a8323$b40$c20100316$lBLL01$h0951
=CAT  \\$aNPL-008-N$c20110504$lBLL01$h2203
=CAT  \\$aADD-NID$b00$c20110805$lBLL01$h1425
=CAT  \\$aNPL-LOCK$b77$c20140207$lBLL01$h2152
=CAT  \\$c20140214$lBLL01$h1738
=FIN  \\$aY
=FMT  \\$a  SE
=LAS  \\$c20140214$lBLL01$h1738
=LEO  \\$aMP35.0000100067.7
=LKR  \\$aPAR$b013889941$lBLL01$nLondon evening standard$mEvening standard (West End final ed.)$r78001
=NID  \\$aNID0000639
=SRC  \\$aNPLv17$bbibmp35.20070831.aa
=TCO  \\$aCLA$bCLA$c008

