=LDR  03466aas a22007337a 4500
=001  013890056
=003  Uk
=005  20111008125042.0
=007  hd\afa015bacu
=008  950421d18942009enkwr\nea\\\\\0\\\a0eng\\
=019  n\$aNLC0000113
=022  0\$a0961-6721
=040  \\$aUk$beng$cUk$dUk
=042  \\$aukblsr
=082  04$a072.2725$222
=222  \0$aAldershot news
=245  04$aThe Aldershot news$h[microform].
=246  1\$iTitle of short duration:$aAldershot weekend news,$f21 Oct. 1969- 25 Feb. 1972
=246  17$aNews
=260  \\$aAldershot :$bNews Group,$c1894-2009.
=300  \\$av. :$bcol. ill, col. ports. ;$c60 cm.
=310  \\$aWeekly
=336  \\$atext$2rdacontent
=337  \\$amicroform$2rdamedia
=338  \\$amicrofilm reel$2rdacarrier
=362  0\$aNo. 1 (23 June 1894)-no. 8187 (17 Apr. 2009).
=500  \\$aDescription based on final issue.
=533  \\$aMicrofilm.$e35 mm.
=580  \\$aMerged with: Aldershot mail, to form: Aldershot news & mail.
=595  \\$aFrom 21 Oct. 1969 - 25 Feb. 1972 Tuesday and Friday editions are entitled "Aldershot Midweek News" and "Aldershot Weekend News" respectively. From 25 July 1972 - 2 April 1985 the Tuesday edition is entitled "Aldershot News and Mail." From 16 April 1985 the Tuesday edition is entitled "Aldershot Mail".
=595  \\$aWanting 1897. Microfilm available 1977 onwards. NPL issues for both Aldershot news and Aldershot mail are held together on this record.
=651  \0$aAldershot (England)$vNewspapers.
=651  \0$aHampshire (England)$vNewspapers.
=752  \\$aEngland$bHampshire$dAldershot.$2blnpn
=785  17$tAldershot mail$x0961-6748
=785  17$tAldershot news & mail$x2041-9694
=852  41$31910$aBritish Library$bHMNTS$zMicroform.$jMFM.M681 [1910]
=852  41$31919$aBritish Library$bHMNTS$zMicroform.$jMFM.M38786 [1919]
=852  41$31977-2010$aBritish Library$bHMNTS$z-Mar 2010$zMicroform.$jMFM.SP24
=866  \0$aNewspapers :no.1 (23 June 1894)-; Microfilm holdings only. Some issues are held in print only. See separate record for print holdings
=985  \\$aThis NPL record has holdings attached with include both "Aldershot news" and "Aldershot mail". Technically these are separate titles and have separate ISSN, but no attempt has been made to separate these as they are filmed and parcelled together. Also, untangling of title changes along the way is impractical. No links made to Aldershot mail record. MBrook.
=CAT  \\$aBATCH-NPL$b00$c20070912$lBLL01$h1125
=CAT  \\$aBATCH$b00$c20070916$lBLL01$h1737
=CAT  \\$aB-BSS-DEL$b00$c20080331$lBLL01$h1537
=CAT  \\$a10932$b40$c20090124$lBLL01$h1300
=CAT  \\$a8128$b40$c20090908$lBLL01$h1615
=CAT  \\$a8128$b40$c20090908$lBLL01$h1619
=CAT  \\$a8128$b40$c20090909$lBLL01$h1322
=CAT  \\$a8128$b40$c20090909$lBLL01$h1343
=CAT  \\$a8323$b40$c20090916$lBLL01$h0903
=CAT  \\$a8323$b40$c20090916$lBLL01$h1333
=CAT  \\$aNPL-008-N$c20110504$lBLL01$h2203
=CAT  \\$aADD-NID$b00$c20110805$lBLL01$h1425
=CAT  \\$a10932$b40$c20111008$lBLL01$h1250
=CAT  \\$aNPL-LOCK$b77$c20140207$lBLL01$h2152
=CAT  \\$c20140214$lBLL01$h1738
=FIN  \\$aY
=FMT  \\$a  SE
=LAS  \\$c20140214$lBLL01$h1738
=LEO  \\$aMP35.0000100111
=LKR  \\$aPAR$b015365816$lBLL01$nAldershot news & mail$mAldershot news$r78500
=NID  \\$aNID0000258
=SRC  \\$aNPLv17$bbibmp35.20070831.aa
=TCO  \\$aCLA$bCLA$c008

