=LDR  08565cas a22017057a 4500
=001  013890579
=003  Uk
=005  20220301150953.0
=007  ta
=008  950421c19469999enkwr\n\\\\\\\0\\\a0eng\\
=019  n\$aNLC0000373
=022  \\$y0964-217X
=040  \\$aUk$beng$cUk$dUk
=082  04$a072.821$222
=245  04$aThe Star green 'un.
=246  17$aGreen 'un
=260  \\$aSheffield :$bSheffield Newspapers,$c1946-
=300  \\$av. :$bcol. ill., col. ports. ;$c37 cm.
=310  \\$aWeekly
=336  \\$atext$2rdacontent
=337  \\$aunmediated$2rdamedia
=338  \\$avolume$2rdacarrier
=362  0\$aNo. 16500 (30 Nov. 1946)-
=500  \\$aDescription based on: 26 June 2010 issue.
=650  \0$aSports$zEngland$zSheffield$vNewspapers.
=650  \0$aSports$zGreat Britain$vNewspapers.
=651  \0$aSheffield (England)$vNewspapers.
=651  \0$aSouth Yorkshire (England)$vNewspapers.
=780  00$tGreen 'un
=852  41$31906$aBritish Library$bHMNTS$zMicroform.$jMFM.M43589-90
=852  41$31908$aBritish Library$bHMNTS$zMicroform.$jMFM.M43592-3
=852  41$31910$aBritish Library$bHMNTS$zMicroform.$jMFM.M43595-6
=852  41$31911$aBritish Library$bHMNTS$zMicroform.$jMFM.M43597-8
=852  41$31922$aBritish Library$bHMNTS$zMicroform.$jMFM.M43609-10
=852  41$31923$aBritish Library$bHMNTS$zMicroform.$jMFM.M43611-12
=852  41$31924$aBritish Library$bHMNTS$zMicroform.$jMFM.M43613-14
=852  41$31903$aBritish Library$bHMNTS$zMicroform.$jMFM.M43586 [1903]
=852  41$31904$aBritish Library$bHMNTS$zMicroform.$jMFM.M43587 [1904]
=852  41$31905$aBritish Library$bHMNTS$zMicroform.$jMFM.M43588 [1905]
=852  41$31907$aBritish Library$bHMNTS$zMicroform.$jMFM.M43591 [1907]
=852  41$31909$aBritish Library$bHMNTS$zMicroform.$jMFM.M43594 [1909]
=852  41$31912$aBritish Library$bHMNTS$zMicroform.$jMFM.M43599 [1912]
=852  41$31913$aBritish Library$bHMNTS$zMicroform.$jMFM.M43600 [1913]
=852  41$31914$aBritish Library$bHMNTS$zMicroform.$jMFM.M43601 [1914]
=852  41$31915$aBritish Library$bHMNTS$zMicroform.$jMFM.M43602 [1915]
=852  41$31916$aBritish Library$bHMNTS$zMicroform.$jMFM.M43603 [1916]
=852  41$31917$aBritish Library$bHMNTS$zMicroform.$jMFM.M43604 [1917]
=852  41$31918$aBritish Library$bHMNTS$zSept. - Dec.$zMicroform.$jMFM.M43605 [1918]
=852  41$31919$aBritish Library$bHMNTS$zMicroform.$jMFM.M43606 [1919]
=852  41$31920$aBritish Library$bHMNTS$zMicroform.$jMFM.M43607 [1920]
=852  41$31921$aBritish Library$bHMNTS$zMicroform.$jMFM.M43608 [1921]
=852  41$31939$aBritish Library$bHMNTS$zMicroform.$jMFM.M43643 [1939]
=852  41$31925$aBritish Library$bHMNTS$zMicroform.$jMFM.M43615-16
=852  41$31926$aBritish Library$bHMNTS$zMicroform.$jMFM.M43617-18
=852  41$31927$aBritish Library$bHMNTS$zMicroform.$jMFM.M43619-20
=852  41$31928$aBritish Library$bHMNTS$zMicroform.$jMFM.M43621-22
=852  41$31929$aBritish Library$bHMNTS$zMicroform.$jMFM.M43623-24
=852  41$31930$aBritish Library$bHMNTS$zMicroform.$jMFM.M43625-26
=852  41$31931$aBritish Library$bHMNTS$zMicroform.$jMFM.M43627-28
=852  41$31932$aBritish Library$bHMNTS$zMicroform.$jMFM.M43629-30
=852  41$31933$aBritish Library$bHMNTS$zMicroform.$jMFM.M43631-32
=852  41$31946-1947$aBritish Library$bHMNTS$zMicroform.$jMFM.M43644 [1946-1947]
=852  41$31948$aBritish Library$bHMNTS$zMicroform.$jMFM.M43645 [1948]
=852  41$31949$aBritish Library$bHMNTS$zMicroform.$jMFM.M43646 [1949]
=852  41$31934$aBritish Library$bHMNTS$zMicroform.$jMFM.M43633-34
=852  41$31950$aBritish Library$bHMNTS$zMicroform.$jMFM.M43647 [1950]
=852  41$31935$aBritish Library$bHMNTS$zMicroform.$jMFM.M43635-36
=852  41$31936$aBritish Library$bHMNTS$zMicroform.$jMFM.M43637-38
=852  41$31937$aBritish Library$bHMNTS$zMicroform.$jMFM.M43639-40
=852  41$31938$aBritish Library$bHMNTS$zMicroform.$jMFM.M43641-42
=852  41$31903-1963$aBritish Library$bNPL$jNEWS2879
=852  41$31938-1979$aBritish Library$bNPL$jNEWS450
=852  41$32010-4th May (2020)$aBritish Library$bNPL$jNEWS.REG16
=852  41$31938-1979$aBritish Library$bNPL$jNEWS450
=852  41$32010-4th May (2020)$aBritish Library$bNPL$jNEWS.REG16
=852  41$31938-1979$aBritish Library$bNPL$jNEWS450
=852  41$32010-4th May (2020)$aBritish Library$bNPL$jNEWS.REG16
=852  41$31938-1979$aBritish Library$bNPL$jNEWS450
=852  41$32010-4th May (2020)$aBritish Library$bNPL$jNEWS.REG16
=852  41$31938-1979$aBritish Library$bNPL$jNEWS450
=852  41$32010-4th May (2020)$aBritish Library$bNPL$jNEWS.REG16
=852  41$31938-1979$aBritish Library$bNPL$jNEWS450
=852  41$32010-4th May (2020)$aBritish Library$bNPL$jNEWS.REG16
=852  41$31938-1979$aBritish Library$bNPL$jNEWS450
=852  41$32010-4th May (2020)$aBritish Library$bNPL$jNEWS.REG16
=852  41$31938-1979$aBritish Library$bNPL$jNEWS450
=852  41$32010-4th May (2020)$aBritish Library$bNPL$jNEWS.REG16
=852  41$31877$aBritish Library$bHMNTS$zMicroform.$jMFM.M30922 [1877]
=852  41$31878$aBritish Library$bHMNTS$zMicroform.$jMFM.M30923 [1878]
=852  41$31879$aBritish Library$bHMNTS$zMicroform.$jMFM.M32123 [1879]
=852  41$31880$aBritish Library$bHMNTS$zMicroform.$jMFM.M31115 [1880]
=852  41$31888$aBritish Library$bHMNTS$zMicroform.$jMFM.M19160 [1888]
=852  41$31889$aBritish Library$bHMNTS$zMicroform.$jMFM.M30330 [1889]
=852  41$31896$aBritish Library$bHMNTS$zMicroform.$jMFM.M2963 [1896]
=852  41$31911$aBritish Library$bHMNTS$zMicroform.$jMFM.M443 [1911]
=852  41$31876-1971$aBritish Library$bNPL$jNEWS8837
=852  41$31877$aBritish Library$bHMNTS$zMicroform.$jMFM.M30922 [1877]
=852  41$31878$aBritish Library$bHMNTS$zMicroform.$jMFM.M30923 [1878]
=852  41$31879$aBritish Library$bHMNTS$zMicroform.$jMFM.M32123 [1879]
=852  41$31880$aBritish Library$bHMNTS$zMicroform.$jMFM.M31115 [1880]
=852  41$31888$aBritish Library$bHMNTS$zMicroform.$jMFM.M19160 [1888]
=852  41$31889$aBritish Library$bHMNTS$zMicroform.$jMFM.M30330 [1889]
=852  41$31896$aBritish Library$bHMNTS$zMicroform.$jMFM.M2963 [1896]
=852  41$31911$aBritish Library$bHMNTS$zMicroform.$jMFM.M443 [1911]
=852  41$31876-1971$aBritish Library$bNPL$jNEWS8837
=852  41$aBritish Library$bNPL$cEW$3No. 16500 (30 Nov. 1946)-***Issues 1980-1985 and 1995 onwards available in microfilm
=852  41$31946-1994$aBritish Library$bNPL$jNEWS981
=852  \\$32010-04 May (2013)$aBritish Library$bNPL$jNEWS.REG998
=856  42$31949-1958$uhttp://www.britishnewspaperarchive.co.uk/search/results?TitleId=BL/0001916$yBritish Newspaper Archive
=985  \\$aDisaggregated Record: NPL
=985  \\$aThis title change sequence recorded by NPL does not match with ISSN records - DO NOT MERGE RECORDS.
=CAT  \\$aBATCH-NPL$b00$c20070912$lBLL01$h1125
=CAT  \\$aBATCH-856$b50$c20220207$lBLL01$h0756
=CAT  \\$aBATCH-UPD$b50$c20220207$lBLL01$h0801
=CAT  \\$aBATCH-856$b50$c20220214$lBLL01$h0937
=CAT  \\$aBATCH-UPD$b50$c20220214$lBLL01$h0943
=CAT  \\$aBATCH-856$b50$c20220301$lBLL01$h1509
=CAT  \\$aBATCH-UPD$b50$c20220301$lBLL01$h1515
=CAT  \\$aRESET-LEV$b50$c20220302$lBLL01$h0052
=CAT  \\$aRESET-LEV$b50$c20220402$lBLL01$h1723
=CAT  \\$aRESET-LEV$b50$c20220502$lBLL01$h0238
=CAT  \\$aRESET-LEV$b50$c20220602$lBLL01$h2122
=CAT  \\$aRESET-LEV$b50$c20220702$lBLL01$h1725
=CAT  \\$aRESET-LEV$b50$c20220802$lBLL01$h0350
=CAT  \\$aRESET-LEV$b50$c20220902$lBLL01$h2217
=CAT  \\$aRESET-LEV$b50$c20221003$lBLL01$h0410
=CAT  \\$aRESET-LEV$b50$c20221102$lBLL01$h0229
=CAT  \\$aRESET-LEV$b50$c20221202$lBLL01$h2221
=CAT  \\$aRESET-LEV$b50$c20230102$lBLL01$h0255
=CAT  \\$aRESET-LEV$b50$c20230202$lBLL01$h2123
=CAT  \\$aRESET-LEV$b50$c20230302$lBLL01$h2130
=CAT  \\$aRESET-LEV$b50$c20230403$lBLL01$h0237
=CAT  \\$aRESET-LEV$b50$c20230502$lBLL01$h0321
=CAT  \\$aRESET-LEV$b50$c20230602$lBLL01$h2222
=CAT  \\$aRESET-LEV$b50$c20230703$lBLL01$h0503
=CAT  \\$aRESET-LEV$b50$c20230802$lBLL01$h0205
=CAT  \\$aRESET-LEV$b50$c20230902$lBLL01$h1732
=CAT  \\$aRESET-LEV$b50$c20231002$lBLL01$h0436
=FIN  \\$aY
=FMT  \\$a  SE
=LAS  \\$aRESET-LEV$b50$c20231002$lBLL01$h0436
=LEO  \\$aMP35.0000100359.4
=NID  \\$aNID0000803
=SRC  \\$aNPLv17$bbibmp35.20070831.aa
=TCO  \\$aCLA$bCLA$c008

