=LDR  03594aas a22007937a 4500
=001  013890687
=003  Uk
=005  20170707162045.0
=007  hd\afa015bacu
=008  950421d19522017nikwr\nea\\\\\0\\\a0eng\\
=019  n\$aNLC0000422
=022  1\$a1468-764X
=040  \\$aUk$cUk$dUk
=082  04$a072.91657$222
=130  0\$aOutlook (Rathfriland, Northern Ireland)
=222  \0$aCounty Down outlook
=245  14$aThe outlook$h[microform].
=246  3\$aCounty Down outlook
=260  \\$aRathfriland :$bOutlook Press
=264  31$a[Armagh] :$b[Alpha Newspapers]
=336  \\$atext$2rdacontent
=337  \\$amicroform$2rdamedia
=338  \\$amicrofilm reel$2rdacarrier
=533  \\$aMicrofilm.$bLondon :$cBritish Library.$e35 mm.$m1952-1953, Nov. 1956-Dec. 1957, 1977-1979, 1983-2009.
=651  \0$aBanbridge (Northern Ireland)$vNewspapers.
=651  \0$aRathfriland (Northern Ireland)$vNewspapers.
=651  \0$aKilkeel (Northern Ireland)$vNewspapers.
=651  \0$aDown (Northern Ireland : County)$vNewspapers.
=780  00$tRathfriland, Mourne & district outlook
=852  41$31957$aBritish Library$bHMNTS$zMicroform.$jMFM.M38955 [1957]
=852  41$31983$aBritish Library$bHMNTS$zMicroform.$jMFM.M22499-500
=852  41$31985$aBritish Library$bHMNTS$zMicroform.$jMFM.M22501-2
=852  41$31986-2009$aBritish Library$bHMNTS$z-Dec 2009$zMicroform.$jMFM.SP362
=852  41$31952$aBritish Library$bHMNTS$zMicroform.$jMFM.M38953 [1952]
=852  41$31953$aBritish Library$bHMNTS$zMicroform.$jMFM.M38954 [1953]
=852  41$31956$aBritish Library$bHMNTS$z23 & 30 Nov & 21 Dec only$zMicroform.$jMFM.M38955 [1956]
=852  41$31977$aBritish Library$bHMNTS$zMicroform.$jMFM.M6044 [1977]
=852  41$31978$aBritish Library$bHMNTS$zMicroform.$jMFM.M6045 [1978]
=852  41$31979$aBritish Library$bHMNTS$zMicroform.$jMFM.M6047 [1979]
=852  41$31979$aBritish Library$bHMNTS$zMicroform.$jMFM.M6046 [1979]
=866  \\$aNewspapers: 12 Sept. 1952-4 Dec. 1953; 23, 30 Nov., 21 Dec. 1956-20 Dec. 1957; 2 Jan. 1959-29 Mar. 2017; Microfilm holdings only. Some issues are held in print only. See separate record for print holdings.
=985  \\$aOriginal NPL record has title "Outlook" since 1952. ISSN assigned in 1999 to title "County Down outlook". Current masthead could be read either way, and no other evidence of title changes, so 222 and 245 differ. MB 22/01/2010.
=CAT  \\$aBATCH-NPL$b00$c20070912$lBLL01$h1125
=CAT  \\$aBATCH-LINK$b00$c20070915$lBLL01$h0502
=CAT  \\$aBATCH$b00$c20070916$lBLL01$h1738
=CAT  \\$aB-BSS-DEL$b00$c20080331$lBLL01$h1537
=CAT  \\$a6537$b40$c20090930$lBLL01$h0955
=CAT  \\$aBATCH-UPD$b40$c20091211$lBLL01$h1858
=CAT  \\$a6887$b40$c20091221$lBLL01$h1347
=CAT  \\$a10932$b40$c20100118$lBLL01$h1200
=CAT  \\$a10932$b40$c20100118$lBLL01$h1249
=CAT  \\$a10932$b40$c20100118$lBLL01$h1252
=CAT  \\$a10932$b40$c20100118$lBLL01$h1254
=CAT  \\$a8128$b40$c20100122$lBLL01$h1659
=CAT  \\$aNPL-008-N$c20110504$lBLL01$h2204
=CAT  \\$aADD-NID$b00$c20110805$lBLL01$h1425
=CAT  \\$aWR11_021$c20111124$lBLL01$h1523
=CAT  \\$aWR11_021$c20111124$lBLL01$h1531
=CAT  \\$aWR12_095$c20120629$lBLL01$h1841
=CAT  \\$aNPL-LOCK$b77$c20140207$lBLL01$h2153
=CAT  \\$c20140214$lBLL01$h1739
=CAT  \\$a8323$b40$c20170707$lBLL01$h1620
=FIN  \\$aY
=FMT  \\$a  SE
=LAS  \\$a8323$b40$c20170707$lBLL01$h1620
=LEO  \\$aMP35.0000100408.2
=NID  \\$aNID0000806
=SRC  \\$aNPLv17$bbibmp35.20070831.aa
=TCO  \\$aCLA$bCLA$c008

