=LDR  02941aas a2200709 a 4500
=001  013891078
=003  Uk
=005  20120601104836.0
=007  hd\afa015bacu
=008  950421d20052009enkwr\nea\\\\\0\\\a0eng\\
=019  n\$aNLC0000602
=022  1\$y1744-3326
=040  \\$aUk$beng$cUk$dUk
=042  \\$aukblsr
=082  04$a072.823$222
=130  0\$aGuardian (Worksop, England : Dinnington & Maltby edition : 2005)
=222  \0$aGuardian$b(Dinnington & Maltby ed.)
=245  10$aGuardian$h[microform].
=250  \\$aDinnington & Maltby [ed.].
=260  \\$aWorksop :$bNorth Notts Newspapers,$c2005-2009.
=300  \\$av. :$bill. (some col.), col. ports. ;$c37 cm.
=310  \\$aWeekly
=336  \\$atext$2rdacontent
=337  \\$amicroform$2rdamedia
=338  \\$amicrofilm reel$2rdacarrier
=362  0\$a8 Apr. 2005-2 Jan. 2009.
=500  \\$aFinal issue consulted.
=533  \\$aMicrofilm.$bLondon :$cBritish Library,$d2009-$e35 mm.
=651  \0$aDinnington (South Yorkshire, England)$vNewspapers.
=651  \0$aMaltby (South Yorkshire, England)$vNewspapers.
=651  \0$aSouth Yorkshire (England)$vNewspapers.
=752  \\$aEngland$bSouth Yorkshire$dDinnington.$2blnpn
=780  00$tGuardian (Worksop, England : Dinnington edition)
=785  00$tGuardian (Worksop, England : Dinnington edition : 2009)$x2041-7926
=852  41$32005-2009$aBritish Library$bHMNTS$zMicroform.$jMFM.SP480
=866  \0$aNewspapers :8 Apr. 2005-2 Jan. 2009 ; Microfilm holdings only. See separate record for print holdings
=985  \\$aNPL record for M/f upgraded. Latest title on spreadsheet says "edition", but 250 in this rec originally didn't mention "ed". Aligned with ISSN rec (start date 2004). May need to revise if further c/t info comes to light from microfilm backlog. M Brook
=985  \\$aCatalogued from print and microfilm.
=CAT  \\$aBATCH-NPL$b00$c20070912$lBLL01$h1126
=CAT  \\$aBATCH-LINK$b00$c20070915$lBLL01$h0502
=CAT  \\$aBATCH$b00$c20070916$lBLL01$h1739
=CAT  \\$aB-BSS-DEL$b00$c20080331$lBLL01$h1537
=CAT  \\$a8128$b40$c20090209$lBLL01$h1533
=CAT  \\$a8128$b40$c20090209$lBLL01$h1535
=CAT  \\$a8128$b40$c20090209$lBLL01$h1544
=CAT  \\$a8323$b40$c20090730$lBLL01$h0844
=CAT  \\$a8323$b40$c20090730$lBLL01$h0849
=CAT  \\$a8323$b40$c20091124$lBLL01$h1343
=CAT  \\$a8323$b40$c20091125$lBLL01$h0744
=CAT  \\$aNPL-008-N$c20110504$lBLL01$h2205
=CAT  \\$aADD-NID$b00$c20110805$lBLL01$h1425
=CAT  \\$a8201$b40$c20120601$lBLL01$h1048
=CAT  \\$aNPL-LOCK$b77$c20140207$lBLL01$h2153
=CAT  \\$c20140214$lBLL01$h1739
=FIN  \\$aY
=FMT  \\$a  SE
=LAS  \\$c20140214$lBLL01$h1739
=LEO  \\$aMP35.0000100583.3
=LKR  \\$aPAR$b015426102$lBLL01$nGuardian (Dinnington ed.)$mGuardian (Dinnington & Maltby ed.)$r78000
=NID  \\$aNID0002598
=SRC  \\$aNPLv17$bbibmp35.20070831.aa
=TCO  \\$aCLA$bCLA$c008

