=LDR  02168aas a22005897a 4500
=001  013891102
=003  Uk
=005  20180522160725.0
=007  hd\afa015bacu
=008  950421d19861990enkwr\nea\\\\\0\\\a0eng\\
=019  n\$aNLC0000612
=040  \\$aUk$cUk$dUk
=082  04$a072.6723$223
=245  00$aEssex County standard$h[microform].
=250  \\$aTown ed.
=260  \\$aColchester :$bEssex County Newspapers
=310  \\$aWeekly
=336  \\$atext$2rdacontent
=337  \\$amicroform$2rdamedia
=338  \\$amicrofilm reel$2rdacarrier
=533  \\$aMicrofilm$bLondon :$cBritish Library.$e35 mm.
=580  \\$aMerged with: Essex County standard (Town edition), to become: Essex County standard.
=651  \0$aColchester (England)$vNewspapers.
=651  \0$aEssex (England)$vNewspapers.
=780  00$tEssex County standard, etc.
=785  17$tEssex County standard$bTown edition
=785  17$tEssex County standard$x0964-2838
=852  41$31986-1990$aBritish Library$bHMNTS$jMFM.SP135$z-2 Nov. 1990$zMicroform.
=866  \\$aNewspapers: 7 Mar. 1986-2 Nov. 1990; Microfilm holdings only. See separate record for print holdings.
=985  \\$aDisaggregated Record: NPL
=985  \\$aDo not merge with BNB/ISSN record - title change sequence is different.
=CAT  \\$aBATCH-NPL$b00$c20070912$lBLL01$h1126
=CAT  \\$aBATCH-LINK$b00$c20070915$lBLL01$h0502
=CAT  \\$aBATCH$b00$c20070916$lBLL01$h1739
=CAT  \\$aB-BSS-DEL$b00$c20080331$lBLL01$h1537
=CAT  \\$aBATCH$b00$c20090416$lBLL01$h1356
=CAT  \\$a8128$b40$c20090616$lBLL01$h1522
=CAT  \\$aNPL-008-N$c20110504$lBLL01$h2205
=CAT  \\$aADD-NID$b00$c20110805$lBLL01$h1425
=CAT  \\$aWR11_021$c20111124$lBLL01$h1523
=CAT  \\$aWR11_021$c20111124$lBLL01$h1531
=CAT  \\$aNPL-LOCK$b77$c20140207$lBLL01$h2153
=CAT  \\$c20140214$lBLL01$h1739
=CAT  \\$a8323$b40$c20180522$lBLL01$h0956
=CAT  \\$a8323$b40$c20180522$lBLL01$h1607
=FIN  \\$aY
=FMT  \\$a  SE
=LAS  \\$a8323$b40$c20180522$lBLL01$h1607
=LEO  \\$aMP35.0000100593.2
=NID  \\$aNID0000825
=SRC  \\$aNPLv17$bbibmp35.20070831.aa
=TCO  \\$aCLA$bCLA$c008

