=LDR  03252 as a22007937a 4500
=001  013891340
=003  Uk
=005  20120207092855.0
=007  ta
=008  950421c19869999enkwr\n\\\\\\\0\\\a0eng\\
=019  n\$aNLC0000758
=019  c\$a2339203
=040  \\$aUk$beng$cUk$dUk
=082  04$a306.7$223
=245  00$aSunday sport.
=310  \\$aWeekly
=336  \\$atext$2rdacontent
=337  \\$aunmediated$2rdamedia
=338  \\$avolume$2rdacarrier
=362  0\$aSept. 14, 1986-
=595  \\$aSEE ALSO CARD INDEX.
=651  0\$aLondon (England)$vNewspapers.
=690  7\$aSocial Welfare$2blcoll
=752  \\$aEngland$dLondon.$2blnpn
=772  0\$tDaily sport (Manchester, England : 1998)
=780  00$tSunday sport (Sport Newspapers)$x0965-3988
=852  41$aBritish Library$bNPL$314 Sept. 1986-***'Daily sport' and 'Sunday sport' stored and filmed together since 1999, see 'Daily sport' for holdings
=852  41$31986-1998$aBritish Library$bNPL$jNEWS1365
=866  \\$aNewspapers :14 Sept. 1986-Dec. 1998; Print issues are not available for conservation reasons where an alternative format exists. See separate record for microfilm holdings. For print holdings from 1999 onwards, please see record for Daily Sport.
=945  \\$aSUNDAY SPORT
=963  \\$a14 SEP. 1986- 13 FEB. 1994 *A=1$bN$cNPR.B.2152
=979  \\$aBritish Library$bDSC$j8533.555210N
=985  \\$aNPL record does not follow same title change sequence as shown by ISSN/BNB records DO NOT MERGE. Title change and later reversion not recorded by NPL. Record upgraded, but not seen for cataloguing.
=985  \\$a'Daily sport' and 'Sunday sport' stored and filmed together since 1999, see 'Daily sport' for holdings
=CAT  \\$aBATCH-NPL$b00$c20070912$lBLL01$h1126
=CAT  \\$aBATCH-CLA$b00$c20090529$lBLL01$h1718
=CAT  \\$aBATCH-UPD$b00$c20090701$lBLL01$h2018
=CAT  \\$aBATCH-UPD$b00$c20090701$lBLL01$h2042
=CAT  \\$aBATCH$b00$c20090701$lBLL01$h2103
=CAT  \\$aBATCH-CLA$b00$c20090828$lBLL01$h1458
=CAT  \\$aBATCH-UPD$b00$c20090930$lBLL01$h2141
=CAT  \\$aBATCH-UPD$b00$c20090930$lBLL01$h2203
=CAT  \\$aBATCH$b00$c20090930$lBLL01$h2225
=CAT  \\$a8128$b40$c20091103$lBLL01$h1702
=CAT  \\$a8128$b40$c20091103$lBLL01$h1705
=CAT  \\$a8128$b40$c20091103$lBLL01$h1719
=CAT  \\$a8128$b40$c20091103$lBLL01$h1725
=CAT  \\$a10932$b40$c20100225$lBLL01$h1140
=CAT  \\$a10932$b40$c20100225$lBLL01$h1151
=CAT  \\$aNPL-008-N$c20110504$lBLL01$h2205
=CAT  \\$aADD-NID$b00$c20110805$lBLL01$h1426
=CAT  \\$aWR11_021$c20111124$lBLL01$h1523
=CAT  \\$aWR11_021$c20111124$lBLL01$h1531
=CAT  \\$a8323$b40$c20120207$lBLL01$h0921
=CAT  \\$a8323$b40$c20120207$lBLL01$h0928
=CAT  \\$aBATCH-SWP$c20120211$lBLL01$h0007
=CAT  \\$aWR13.005$c20130329$lBLL01$h1248
=CAT  \\$c20130924$lBLL01$h1341
=CAT  \\$aNPL-LOCK$b77$c20140207$lBLL01$h2153
=CAT  \\$c20140214$lBLL01$h1739
=FIN  \\$aY
=FMT  \\$a  SE
=LAS  \\$c20140214$lBLL01$h1739
=LEO  \\$aMP10.0000559983
=LEO  \\$aMP35.0000100738
=NID  \\$aNID0000840
=SRC  \\$aDSS01$bbibmp10.200404.2.aa
=SRC  \\$aNPLv17$bbibmp35.20070831.aa
=TCO  \\$aCLA$bCLA$c008

