=LDR  02312aas a22005657a 4500
=001  013891341
=003  Uk
=005  20160404140104.0
=007  hd\afa015bacu
=008  950421d19192004enkwr\nea\\\\\0\\\a0eng\\
=019  n\$aNLC0000759
=040  \\$aUk$cUk$dUk
=082  04$a072.876$222
=245  04$aThe Sunday sun$h[microform].
=260  \\$aNewcastle :$bNewcastle Chronicle and Journal
=336  \\$atext$2rdacontent
=337  \\$amicroform$2rdamedia
=338  \\$amicrofilm reel$2rdacarrier
=533  \\$aMicrofilm.$bLondon :$cBritish Library.$e35 mm.$m1986-2005.
=651  \0$aNewcastle upon Tyne (England)$vNewspapers.
=651  \0$aTyne and Wear (England)$vNewspapers.
=740  0\$aSunday sun (Tyne & North edition).
=785  06$tSunday sun$c(Newcastle. Tees & West ed.)$x1745-4905
=785  06$tSunday sun$c(Newcastle. Wear & Durham ed.)$x1745-4913
=785  06$tSunday sun (Tyne & North edition)$x1745-4921
=852  41$31986-2005$aBritish Library$bHMNTS$zMicroform.$jMFM.SP406$3Jan. 1986-Dec. 2005
=852  41$aBritish Library$bNPL$3No. 1 (31 Aug. 1919)-;***Microfilm holdings only. Some issues are held in print only. See separate record for print holdings
=866  \\$aNewspapers: 1919-2005; Microfilm holdings only. Some issues are held in print only. See separate record for print holdings.
=985  \\$aMicrofilm holdings to "2005" but according to ISSN title ceased in 2004.
=CAT  \\$aBATCH-NPL$b00$c20070912$lBLL01$h1126
=CAT  \\$aBATCH$b00$c20070916$lBLL01$h1739
=CAT  \\$aB-BSS-DEL$b00$c20080331$lBLL01$h1537
=CAT  \\$a6537$b40$c20090929$lBLL01$h1448
=CAT  \\$a10932$b40$c20110305$lBLL01$h0910
=CAT  \\$aNPL-008-N$c20110504$lBLL01$h2205
=CAT  \\$aADD-NID$b00$c20110805$lBLL01$h1426
=CAT  \\$a8323$b40$c20110811$lBLL01$h1316
=CAT  \\$a8323$b40$c20110811$lBLL01$h1323
=CAT  \\$aWR11_021$c20111124$lBLL01$h1523
=CAT  \\$aWR11_021$c20111124$lBLL01$h1531
=CAT  \\$aNPL-LOCK$b77$c20140207$lBLL01$h2153
=CAT  \\$aNPL-UNLOCK$b00$c20140216$lBLL01$h0848
=CAT  \\$a8323$b40$c20160404$lBLL01$h1401
=FIN  \\$aY
=FMT  \\$a  SE
=LAS  \\$a8323$b40$c20160404$lBLL01$h1401
=LEO  \\$aMP35.0000100739
=NID  \\$aNID0000005
=SRC  \\$aNPLv17$bbibmp35.20070831.aa
=TCO  \\$aCLA$bCLA$c008

