=LDR  03036 as a22007457a 4500
=001  013891566
=003  Uk
=005  20121105144216.0
=007  hd\afa015bacu
=008  950421d19812007enkwr\nea\\\\\0\\\a0eng\\
=019  n\$aNLC0000884
=022  1\$a0262-3374$z0962-5682$202
=040  \\$aUk$cUk$dUk
=082  04$a072.712$222
=130  4\$aChronicle (Sandbach edition)
=245  14$aThe chronicle.$h[microform].
=250  \\$aSandbach ed.
=260  \\$aChester :$bChronicle Newspapers,$c1981-2007.
=310  \\$aWeekly
=336  \\$atext$2rdacontent
=337  \\$amicroform$2rdamedia
=338  \\$amicrofilm reel$2rdacarrier
=362  0\$aNo.5582 (Thursday Sept. 10 1981)-
=362  1\$aCeased in 2007
=500  \\$a(Microfilm 1986 and Jan. 1988-June 1989 is of changed pages only. A variant ed. of the Crewe Chronicle)
=533  \\$aMicrofilm.$bLondon :$cBritish Library,$e35 mm.
=580  \\$aMerged with: Chronicle (Middlewich edition), to form: Chronicle (Sandbach & Middlewich edition)
=651  \0$aCheshire (England)$vNewspapers.
=651  \0$aCrewe (Cheshire East, England)$vNewspapers.
=752  \\$aEngland$bCheshire$dCrewe.$2blnpn
=780  00$tCrewe Chronicle.$bSandbach & district ed.
=785  17$tChronicle (Middlewich edition)
=785  17$tChronicle (Sandbach & Middlewich edition)
=852  41$31986, 1988-1989$aBritish Library$bHMNTS$zJan. - June 1989$zMicroform.$jMFM.SP36&SP36A
=852  41$31987$aBritish Library$bHMNTS$zMicroform.$jMFM.SP1587
=852  41$31990-2007$aBritish Library$bHMNTS$zMicroform.$jMFM.SP36
=866  \0$aNewspapers :10 Sept. 1981-20 June 2007. MICROFILM AVAILABLE FROM 1986- FOR EARLIER ISSUES SEE PRINT HOLDINGS
=985  \\$aISSN UK Centre: This is a different publication from Sandbach chronicle SF 8/6/07
=CAT  \\$aBATCH-NPL$b00$c20070912$lBLL01$h1126
=CAT  \\$aBATCH-LINK$b00$c20070915$lBLL01$h0503
=CAT  \\$aBATCH$b00$c20070916$lBLL01$h1740
=CAT  \\$aB-BSS-DEL$b00$c20080331$lBLL01$h1537
=CAT  \\$a10932$b40$c20100122$lBLL01$h1714
=CAT  \\$a10932$b40$c20100122$lBLL01$h1715
=CAT  \\$a10932$b40$c20100122$lBLL01$h1716
=CAT  \\$a10932$b40$c20100123$lBLL01$h1046
=CAT  \\$a10932$b40$c20100123$lBLL01$h1104
=CAT  \\$a10932$b40$c20100123$lBLL01$h1143
=CAT  \\$a10932$b40$c20100129$lBLL01$h1058
=CAT  \\$a10932$b40$c20100129$lBLL01$h1059
=CAT  \\$aNPL-008-N$c20110504$lBLL01$h2206
=CAT  \\$aADD-NID$b00$c20110805$lBLL01$h1426
=CAT  \\$aWR11_021$c20111124$lBLL01$h1523
=CAT  \\$aWR11_021$c20111124$lBLL01$h1531
=CAT  \\$a8874$b40$c20121105$lBLL01$h1442
=CAT  \\$aNPL-LOCK$b77$c20140207$lBLL01$h2153
=CAT  \\$c20140214$lBLL01$h1739
=FIN  \\$aY
=FMT  \\$a  SE
=LAS  \\$c20140214$lBLL01$h1739
=LEO  \\$aMP35.0000100861.1
=LKR  \\$aPAR$b013891565$lBLL01$r78000$mChronicle (Sandbach edition)$nCrewe chronicle (Sandbach & district ed.)
=NID  \\$aNID0000179
=SRC  \\$aNPLv17$bbibmp35.20070831.aa
=TCO  \\$aCLA$bCLA$c008

