=LDR  02285aas a22005657a 4500
=001  013891651
=003  Uk
=005  20120228093414.0
=007  hd\afa015bacu
=008  950421d1995200uenkwr\nea\\\\\0\\\a0eng\\
=019  n\$aNLC0000909
=040  \\$aUk$beng$cUk$dUk
=082  04$a072.217$222
=245  00$aSurrey mirror$h[microform].
=250  \\$aRedhill, Reigate, etc.
=310  \\$aWeekly
=336  \\$atext$2rdacontent
=337  \\$amicroform$2rdamedia
=338  \\$amicrofilm reel$2rdacarrier
=533  \\$aMicrofilm.$bLondon :$cBritish Library,$e35 mm.
=651  \0$aRedhill (Surrey, England)$vNewspapers.
=651  \0$aReigate (England)$vNewspapers.
=752  \\$aEngland$bSurrey$dReigate.$2blnpn
=780  00$tSurrey mirror.$bReigate and Redhill, etc.
=785  00$tSurrey mirror (Redhill, Reigate and Banstead edition)$x1755-6597
=852  41$31995-2006$aBritish Library$bHMNTS$zMicroform.$jMFM.SP1613
=866  \0$aNewspapers :14 Sept. 1995-2006 ; Microfilm holdings only. See separate record for print holdings
=985  \\$aTitle of previous NPL record is "Surrey mirror (Redhill and Redhill etc.)". This may hide edition changes and so cannot be merged with ISSN records. MB.
=985  \\$aThis record had previously been converted for use as "Redhill, Reigate and Banstead edition", but this is a later change and needs a separated record for ISSN purposes, so restored MB.
=CAT  \\$aBATCH-NPL$b00$c20070912$lBLL01$h1126
=CAT  \\$aBATCH-LINK$b00$c20070915$lBLL01$h0503
=CAT  \\$aBATCH$b00$c20070916$lBLL01$h1740
=CAT  \\$aB-BSS-DEL$b00$c20080331$lBLL01$h1538
=CAT  \\$a6537$b40$c20090921$lBLL01$h1407
=CAT  \\$a8128$b40$c20100312$lBLL01$h1821
=CAT  \\$a8128$b40$c20100315$lBLL01$h1453
=CAT  \\$a8128$b40$c20100315$lBLL01$h1644
=CAT  \\$a8128$b40$c20100315$lBLL01$h1747
=CAT  \\$aNPL-008-N$c20110504$lBLL01$h2206
=CAT  \\$aADD-NID$b00$c20110805$lBLL01$h1426
=CAT  \\$a8201$b40$c20120228$lBLL01$h0934
=CAT  \\$aNPL-LOCK$b77$c20140207$lBLL01$h2153
=CAT  \\$c20140214$lBLL01$h1739
=FIN  \\$aY
=FMT  \\$a  SE
=LAS  \\$c20140214$lBLL01$h1739
=LEO  \\$aMP35.0000100886.2
=NID  \\$aNID0003045
=SRC  \\$aNPLv17$bbibmp35.20070831.aa
=TCO  \\$aCLA$bCLA$c008

