=LDR  03028aas a2200709 a 4500
=001  013891868
=003  Uk
=005  20081218142814.0
=006  m\\\\\\\\d\|\\\\\\
=007  hd\afa015bacu
=008  950421d19742008stkwr\nea\\\\\0\\\a0eng\\
=019  n\$aNLC0001015
=022  \\$a1358-4308
=040  \\$aUk$beng$cUk$dUk
=042  \\$aukblsr
=082  04$a072.91464$222
=222  \0$aCarrick herald and Ayr advertiser
=245  00$aCarrick herald and Ayr advertiser$h[microform].
=246  17$aAyr advertiser, Troon times and Carrick herald
=260  \\$a[Ardrossan] :$bAyrshire Weekly Press,$c-2008.
=300  \\$av. :$bill. (some col.), ports. (some col.) ;$c38 cm.
=336  \\$atext$2rdacontent
=337  \\$amicroform$2rdamedia
=338  \\$amicrofilm reel$2rdacarrier
=362  0\$a-Feb. 19, 2008.
=500  \\$aMicrofilm of 1986 is of changed pages only:. A variant ed. of the Ayr Advertiser.
=500  \\$aLast issue consulted.
=533  \\$aMicrofilm.$bLondon :$cBritish Library,$d1986-$e35 mm.
=651  \0$aAyr (Scotland)$vNewspapers.
=651  \0$aSouth Ayrshire (Scotland)$vNewspapers.
=752  \\$aScotland$bStrathclyde$dCarrick.$2blnpn
=752  \\$aScotland$bStrathclyde$dAyr.$2blnpn
=780  00$tCarrick Herald and South Ayrshire Advertiser
=785  00$tCarrick herald$x1759-8419
=852  41$31986$aBritish Library$bHMNTS$zMicroform.$jMFM.SP296A
=852  41$31987-2009$aBritish Library$bHMNTS$z-Dec 2009$zMicroform.$jMFM.SP1735
=866  \0$aNewspapers :Microfilm, 1986- [no. 3368-3672, 3708 (28 March-25 April; 2 Jan. 1975-1985, available in print].
=866  \0$aNewspapers :no. 3368-3672, 3708- (28 March-25 April 1974; 2 Jan. 1975-)
=985  \\$aExisting NPL record upgraded to become NPL microfilm record. Holdings of print and mirofilm split.
=985  \\$aISSN Centre note - Key title originally 'Carrick herald'. Evidence from National Library Scotland records that this title only used on a few issues in 1994 and 1995. Key title revised - SF 18/12/08
=985  \\$aDisaggregated Record: NPL
=CAT  \\$aBATCH-NPL$b00$c20070912$lBLL01$h1127
=CAT  \\$aBATCH-LINK$b00$c20070915$lBLL01$h0503
=CAT  \\$aBATCH$b00$c20070916$lBLL01$h1740
=CAT  \\$aB-BSS-DEL$b00$c20080331$lBLL01$h1538
=CAT  \\$a5997$b40$c20081216$lBLL01$h1314
=CAT  \\$a5997$b40$c20081216$lBLL01$h1345
=CAT  \\$a5997$b40$c20081216$lBLL01$h1431
=CAT  \\$a5997$b40$c20081216$lBLL01$h1532
=CAT  \\$a5997$b40$c20081218$lBLL01$h1428
=CAT  \\$aNPL-008-N$c20110504$lBLL01$h2206
=CAT  \\$aADD-NID$b00$c20110805$lBLL01$h1426
=CAT  \\$aNPL-LOCK$b77$c20140207$lBLL01$h2154
=CAT  \\$c20140214$lBLL01$h1739
=FIN  \\$aY
=FMT  \\$a  SE
=LAS  \\$c20140214$lBLL01$h1739
=LEO  \\$aMP35.0000100991.1
=LKR  \\$aPAR$b014857096$lBLL01$nCarrick herald and Ayr advertiser (Print)$mCarrick herald and Ayr advertiser (Microfilm)$r776
=NID  \\$aNID0000857
=SRC  \\$aNPLv17$bbibmp35.20070831.aa
=TCO  \\$aCLA$bCLA$c008

