=LDR  02714aas a2200733 a 4500
=001  013891961
=003  Uk
=005  20120217085755.0
=007  hd\afa015bacu
=008  950421d20002004enkwr\nea\\\\\0\\\a0eng\\
=019  n\$aNLC0001063
=022  1\$y1741-3613
=040  \\$aUk$beng$cUk$dUk
=042  \\$aukblsr
=082  04$a072.674$222
=222  \0$aEpping guardian
=245  00$aEpping guardian.$h[microform].
=260  \\$aLondon :$bNewsquest (London),$c[2000]-2004.
=300  \\$av. :$bill., ports.
=310  \\$aWeekly
=336  \\$atext$2rdacontent
=337  \\$amicroform$2rdamedia
=338  \\$amicrofilm reel$2rdacarrier
=362  1\$aBegan in 2000.
=362  0\$a-Sept, 16, 2004.
=500  \\$aFinal issue consulted.
=533  \\$aMicrofilm.$bLondon :$cBritish Library,$d-2008.$e35 mm.
=580  \\$aMerged with: Ongar guardian, to become: Epping, North Weald, Ongar guardian.
=651  \0$aEpping (England)$vNewspapers.
=651  \0$aEssex (England)$vNewspapers.
=752  \\$aEngland$bEssex$dEpping.$2blnpn
=780  01$tEpping, Ongar Guardian$g10 Dec.1998-27 Jan.2000$w013891970
=785  17$tOngar guardian$x1741-3621
=785  17$tEpping, North Weald, Ongar guardian$x1759-9946
=852  41$32000-2004$aBritish Library$bHMNTS$zMicroform.$jMFM.SP1672
=866  \0$aNewspapers :3 Feb. 2000-16 Sept. 2004 ; Microfilm holdings only. See separate record for print holdings
=985  \\$aNPL title sequences do not match ISSN records, and unable to re-align at present (18/1/09)
=985  \\$aDisaggregated Record: NPL
=CAT  \\$aBATCH-NPL$b00$c20070912$lBLL01$h1127
=CAT  \\$aBATCH-LINK$b00$c20070915$lBLL01$h0503
=CAT  \\$aBATCH$b00$c20070916$lBLL01$h1741
=CAT  \\$aB-BSS-DEL$b00$c20080331$lBLL01$h1538
=CAT  \\$a5997$b40$c20090119$lBLL01$h1443
=CAT  \\$a5997$b40$c20090119$lBLL01$h1500
=CAT  \\$a5997$b40$c20090120$lBLL01$h1040
=CAT  \\$a5997$b40$c20090120$lBLL01$h1533
=CAT  \\$a5997$b40$c20090120$lBLL01$h1538
=CAT  \\$a5997$b40$c20090120$lBLL01$h1601
=CAT  \\$a3557$b40$c20090507$lBLL01$h1734
=CAT  \\$aNPL-008-N$c20110504$lBLL01$h2206
=CAT  \\$aADD-NID$b00$c20110805$lBLL01$h1426
=CAT  \\$aWR11_021$c20111124$lBLL01$h1523
=CAT  \\$aWR11_021$c20111124$lBLL01$h1531
=CAT  \\$a8201$b40$c20120217$lBLL01$h0857
=CAT  \\$aNPL-LOCK$b77$c20140207$lBLL01$h2154
=CAT  \\$c20140214$lBLL01$h1739
=FIN  \\$aY
=FMT  \\$a  SE
=LAS  \\$c20140214$lBLL01$h1739
=LEO  \\$aMP35.0000101036.10
=LKR  \\$aPAR$b013921047$lBLL01$nOngar guardian$mEpping guardian$r78517
=NID  \\$aNID0003301
=SRC  \\$aNPLv17$bbibmp35.20070831.aa
=TCO  \\$aCLA$bCLA$c008

