=LDR  08873cas a22017177a 4500
=001  013891994
=003  Uk
=005  20220301150957.0
=008  950421d18881997enkwr\ne\\\\\\0\\\a0eng\\
=019  n\$aNLC0001074
=019  c\$a2362883
=022  1\$a1358-0140$202
=040  \\$aUk$cUk$dUk
=082  04$a072.133$222
=222  \0$aFulham chronicle
=245  04$aThe Fulham chronicle.
=260  \\$aLondon :$bLondon Newspaper Group,$c[1888-1997]
=310  \\$aWeekly
=336  \\$atext$2rdacontent
=337  \\$aunmediated$2rdamedia
=338  \\$avolume$2rdacarrier
=500  \\$aMicrofilm: 1980 onward.
=540  \\$aBritish Library not licensed to copy$c0$5Uk
=580  \\$aMerged with: Hammersmith chronicle, to become: Fulham & Hammersmith chronicle.
=651  \0$aHammersmith and Fulham (London, England)$vNewspapers.
=752  \\$aEngland$dLondon$fHammersmith.$2blnpn
=785  17$tHammersmith chronicle$x1358-0159
=785  17$tFulham & Hammersmith chronicle$x1461-2771
=852  41$31882-1905$aBritish Library$bNPL$jNEWS7465
=852  41$31882$aBritish Library$bHMNTS$z29 Jul-Dec 1882$zMicroform.$jMFM.M85204 [1882]
=852  41$31883$aBritish Library$bHMNTS$zMicroform.$jMFM.M85204 [1883]
=852  41$31884$aBritish Library$bHMNTS$z1 Jan-20 Dec 1884$zMicroform.$jMFM.M85204 [1884]
=852  41$31885$aBritish Library$bHMNTS$zMicroform.$jMFM.M85205 [1885]
=852  41$31886$aBritish Library$bHMNTS$zMicroform.$jMFM.M85205 [1886]
=852  41$31887$aBritish Library$bHMNTS$zMicroform.$jMFM.M85205 [1887]
=852  41$31888$aBritish Library$bHMNTS$zMicroform.$jMFM.M85206 [1888]
=852  41$31889$aBritish Library$bHMNTS$zMicroform.$jMFM.M85206 [1889]
=852  41$31890$aBritish Library$bHMNTS$zMicroform.$jMFM.M85206 [1890]
=852  41$31891$aBritish Library$bHMNTS$zMicroform.$jMFM.M85207 [1891]
=852  41$31892$aBritish Library$bHMNTS$zMicroform.$jMFM.M85207 [1892]
=852  41$31893$aBritish Library$bHMNTS$zMicroform.$jMFM.M85208 [1893]
=852  41$31894$aBritish Library$bHMNTS$zMicroform.$jMFM.M85208 [1894]
=852  41$31895$aBritish Library$bHMNTS$z4 Jan-Dec 1895$zMicroform.$jMFM.M85209 [1895]
=852  41$31896$aBritish Library$bHMNTS$z1 Jan-23 Dec 1896$zMicroform.$jMFM.M85209 [1896]
=852  41$31897$aBritish Library$bHMNTS$zMicroform.$jMFM.M85210 [1897]
=852  41$31898$aBritish Library$bHMNTS$zMicroform.$jMFM.M85210 [1898]
=852  41$31899$aBritish Library$bHMNTS$zMicroform.$jMFM.M85211 [1899]
=852  41$31894$aBritish Library$bHMNTS$zMicroform.$jMFM.M85212 [1894]
=852  41$31901$aBritish Library$bHMNTS$zMicroform.$jMFM.M85213 [1901]
=852  41$31902$aBritish Library$bHMNTS$zMicroform.$jMFM.M85214 [1902]
=852  41$31877-1916$aBritish Library$bNPL$jNEWS8366
=852  41$31888$aBritish Library$bHMNTS$zMicroform.$jMFM.M4383 [1888]
=852  41$31889$aBritish Library$bHMNTS$zMicroform.$jMFM.M31742 [1889]
=852  41$31892$aBritish Library$bHMNTS$zMicroform.$jMFM.M27950 [1892]
=852  41$31893$aBritish Library$bHMNTS$zMicroform.$jMFM.M4241 [1893]
=852  41$31894$aBritish Library$bHMNTS$zMicroform.$jMFM.M27951 [1894]
=852  41$31910$aBritish Library$bHMNTS$zMicroform.$jMFM.M950 [1910]
=852  41$31890-1903$aBritish Library$bNPL$jNEWS3671
=852  41$31901-1975$aBritish Library$bNPL$jNEWS3715
=852  41$31905-1965$aBritish Library$bNPL$jNEWS7542
=852  41$31922-1926$aBritish Library$bNPL$jNEWS7517
=852  41$31892-1952$aBritish Library$bNPL$jNEWS8375
=852  41$31896$aBritish Library$bHMNTS$zMicroform.$jMFM.M38021 [1896]
=852  41$31892-1952$aBritish Library$bNPL$jNEWS8375
=852  41$31896$aBritish Library$bHMNTS$zMicroform.$jMFM.M38021 [1896]
=852  41$31888-1981$aBritish Library$bNPL$jNEWS1687
=852  41$31979$aBritish Library$bHMNTS$zMicroform.$jMFM.M19801-2
=852  41$31980$aBritish Library$bHMNTS$zMicroform.$jMFM.M7800-1
=852  41$31981$aBritish Library$bHMNTS$zMicroform.$jMFM.M7802-3
=852  41$31982-1997$aBritish Library$bHMNTS$zMicroform.$jMFM.SP112
=852  41$31888-1890$aBritish Library$bHMNTS$zMicroform.$jMFM.M72796 [1888-1890]
=852  41$31891-1893$aBritish Library$bHMNTS$zMicroform.$jMFM.M72797 [1891-1893]
=852  41$31894-1895$aBritish Library$bHMNTS$zMicroform.$jMFM.M72798 [1894-1895]
=852  41$31896$aBritish Library$bHMNTS$zMicroform.$jMFM.M72799 [1896]
=852  41$31897$aBritish Library$bHMNTS$zMicroform.$jMFM.M72800 [1897]
=852  41$31898$aBritish Library$bHMNTS$zMicroform.$jMFM.M72801 [1898]
=852  41$31899$aBritish Library$bHMNTS$zMicroform.$jMFM.M72802 [1899]
=852  41$31900$aBritish Library$bHMNTS$zMicroform.$jMFM.M72803 [1900]
=852  41$31901$aBritish Library$bHMNTS$zMicroform.$jMFM.M72804 [1901]
=852  41$31902$aBritish Library$bHMNTS$zMicroform.$jMFM.M72805 [1902]
=852  41$31903$aBritish Library$bHMNTS$zMicroform.$jMFM.M72806 [1903]
=852  41$31904$aBritish Library$bHMNTS$zMicroform.$jMFM.M72807 [1904]
=852  41$31905$aBritish Library$bHMNTS$zMicroform.$jMFM.M72808 [1905]
=852  41$31906$aBritish Library$bHMNTS$zMicroform.$jMFM.M72809 [1906]
=852  41$31907$aBritish Library$bHMNTS$zMicroform.$jMFM.M72810 [1907]
=852  41$31908$aBritish Library$bHMNTS$zMicroform.$jMFM.M72811 [1908]
=852  41$31909$aBritish Library$bHMNTS$zMicroform.$jMFM.M72812 [1909]
=852  41$31910$aBritish Library$bHMNTS$zMicroform.$jMFM.M72813 [1910]
=852  41$31911$aBritish Library$bHMNTS$zMicroform.$jMFM.M72814 [1911]
=852  41$31912$aBritish Library$bHMNTS$zMicroform.$jMFM.M72815 [1912]
=852  41$31913$aBritish Library$bHMNTS$zMicroform.$jMFM.M72816 [1913]
=852  41$31914$aBritish Library$bHMNTS$zMicroform.$jMFM.M72817 [1914]
=852  41$31915$aBritish Library$bHMNTS$zMicroform.$jMFM.M72818 [1915]
=852  41$31916$aBritish Library$bHMNTS$zMicroform.$jMFM.M72819 [1916]
=852  41$31917$aBritish Library$bHMNTS$zMicroform.$jMFM.M72820 [1917]
=852  41$31918$aBritish Library$bHMNTS$zMicroform.$jMFM.M72821 [1918]
=852  41$31919$aBritish Library$bHMNTS$zMicroform.$jMFM.M72822 [1919]
=852  41$31920$aBritish Library$bHMNTS$zMicroform.$jMFM.M72823 [1920]
=852  41$31921$aBritish Library$bHMNTS$zMicroform.$jMFM.M72824 [1921]
=852  41$31922$aBritish Library$bHMNTS$zMicroform.$jMFM.M72825 [1922]
=856  42$31888-1988$uhttp://www.britishnewspaperarchive.co.uk/search/results?TitleId=BL/0001984$yBritish Newspaper Archive
=866  \\$aNewspapers: No. 1 (6 Apr. 1888)-23 Oct. 1997; This record has holdings for both print and microfilm versions. Print issues are not available for conservation reasons where an alternative format exists.
=945  \\$aFULHAM CHRONICLE
=979  \\$aBritish Library$bDSC$j4055.545000N
=985  \\$aDisaggregated Record: NPL
=985  \\$aMerged with DSC and ISSN records, 09/05/14 (RB)
=CAT  \\$aBATCH-NPL$b00$c20070912$lBLL01$h1127
=CAT  \\$aBATCH-856$b50$c20220207$lBLL01$h0756
=CAT  \\$aBATCH-UPD$b50$c20220207$lBLL01$h0803
=CAT  \\$aBATCH-856$b50$c20220214$lBLL01$h0937
=CAT  \\$aBATCH-UPD$b50$c20220214$lBLL01$h0946
=CAT  \\$aBATCH-856$b50$c20220301$lBLL01$h1509
=CAT  \\$aBATCH-UPD$b50$c20220301$lBLL01$h1517
=CAT  \\$aRESET-LEV$b50$c20220302$lBLL01$h0053
=CAT  \\$aRESET-LEV$b50$c20220402$lBLL01$h1724
=CAT  \\$aRESET-LEV$b50$c20220502$lBLL01$h0239
=CAT  \\$aRESET-LEV$b50$c20220602$lBLL01$h2123
=CAT  \\$aRESET-LEV$b50$c20220702$lBLL01$h1726
=CAT  \\$aRESET-LEV$b50$c20220802$lBLL01$h0350
=CAT  \\$aRESET-LEV$b50$c20220902$lBLL01$h2218
=CAT  \\$aRESET-LEV$b50$c20221003$lBLL01$h0411
=CAT  \\$aRESET-LEV$b50$c20221102$lBLL01$h0230
=CAT  \\$aRESET-LEV$b50$c20221202$lBLL01$h2222
=CAT  \\$aRESET-LEV$b50$c20230102$lBLL01$h0256
=CAT  \\$aRESET-LEV$b50$c20230202$lBLL01$h2124
=CAT  \\$aRESET-LEV$b50$c20230302$lBLL01$h2131
=CAT  \\$aRESET-LEV$b50$c20230403$lBLL01$h0238
=CAT  \\$aRESET-LEV$b50$c20230502$lBLL01$h0321
=CAT  \\$aRESET-LEV$b50$c20230602$lBLL01$h2223
=CAT  \\$aRESET-LEV$b50$c20230703$lBLL01$h0504
=CAT  \\$aRESET-LEV$b50$c20230802$lBLL01$h0206
=CAT  \\$aRESET-LEV$b50$c20230902$lBLL01$h1733
=CAT  \\$aRESET-LEV$b50$c20231002$lBLL01$h0437
=CFI  0\$aBritish Library not licensed to copy$c0$e01-jan-2014$hC$iCFP Excluded$5Uk
=CFI  2\$aBritish Library not licensed to copy$c0$e01-oct-2012$hC$iCFP Excluded$5Uk
=FIN  \\$aY
=FMT  \\$a  SE
=LAS  \\$aRESET-LEV$b50$c20231002$lBLL01$h0437
=LEO  \\$aMP35.0000101047
=LEO  \\$aMP22.0000046384
=LEO  \\$aMP10.0000241011
=NID  \\$aNID0003329
=SRC  \\$aDSS01$bbibmp10.200404.2.aa
=SRC  \\$aISN01$bbibmp22.200404.2.aa
=SRC  \\$aNPLv17$bbibmp35.20070831.aa
=TCO  \\$aZZZ$c008

