=LDR  02478aas a22006017a 4500
=001  013892110
=003  Uk
=005  20131004115222.0
=007  hd\afa015bacu
=008  950421d19712008enkdn\nea\\\\\0\\\a0eng\\
=019  n\$aNLC0001130
=040  \\$aUk$cUk$dUk
=082  04$a072.733$222
=245  00$aManchester evening news$h[microform].
=260  \\$aManchester :$bGreater Manchester Newspapers
=260  3\$aManchester :$bMEN Media
=310  \\$aDaily (except Sunday)
=336  \\$atext$2rdacontent
=337  \\$amicroform$2rdamedia
=338  \\$amicrofilm reel$2rdacarrier
=533  \\$aMicrofilm.$bLondon :$cBritish Library,$e35 mm.$m1986 onward.
=651  \0$aGreater Manchester (England)$vNewspapers.
=651  \0$aManchester (England)$vNewspapers.
=752  \\$aEngland$bGreater Manchester$dManchester.$2blnpn
=785  00$tManchester evening news (Main edition)
=852  41$31986-2008$aBritish Library$bHMNTS$z-Nov. 2008$zMicroform.$jMFM.SP1416
=852  41$31975$aBritish Library$bHMNTS$zApril only$zMicroform$jMFM.M94171 [1975]
=852  41$31981$aBritish Library$bHMNTS$zAug$zMicroform$jMFM.M94172 [1981]
=866  \0$aNewspapers :no. 31884- (4 Oct. 1971- 29 Nov. 2008) MICROFILM HOLDINGS ONLY, SEE SEPARATE RECORD FOR PRINT HOLDINGS.
=985  \\$aExisting NPL record upgraded for use as microfilm record
=985  \\$aAll NPL issues 1971 to Nov. 2008 are held on this record, including some different editions recorded by ISSN. Not possible to reconcile NPL issues held with ISSN sequence, DO NOT MERGE RECORDS.
=CAT  \\$aBATCH-NPL$b00$c20070912$lBLL01$h1127
=CAT  \\$aBATCH-LINK$b00$c20070915$lBLL01$h0503
=CAT  \\$aBATCH$b00$c20070916$lBLL01$h1741
=CAT  \\$aB-BSS-DEL$b00$c20080331$lBLL01$h1538
=CAT  \\$a6537$b40$c20090930$lBLL01$h0743
=CAT  \\$a10932$b40$c20100123$lBLL01$h1241
=CAT  \\$a8128$b40$c20100126$lBLL01$h1443
=CAT  \\$a8128$b40$c20100126$lBLL01$h1548
=CAT  \\$aNPL-008-N$c20110504$lBLL01$h2206
=CAT  \\$aADD-NID$b00$c20110805$lBLL01$h1426
=CAT  \\$aWR11_021$c20111124$lBLL01$h1523
=CAT  \\$aWR11_021$c20111124$lBLL01$h1531
=CAT  \\$a13427$b40$c20131004$lBLL01$h1152
=CAT  \\$aNPL-LOCK$b77$c20140207$lBLL01$h2154
=CAT  \\$c20140214$lBLL01$h1739
=FIN  \\$aY
=FMT  \\$a  SE
=LAS  \\$c20140214$lBLL01$h1739
=LEO  \\$aMP35.0000101103.2
=NID  \\$aNID0000867
=SRC  \\$aNPLv17$bbibmp35.20070831.aa
=TCO  \\$aCLA$bCLA$c008

