=LDR  02218 as a2200637u  4500
=001  013892299
=003  Uk
=005  20120120092618.0
=007  hd\afa015bacu
=008  950421c20049999enkwr\nea\\\\\0\\\a0eng\\
=019  n\$aNLC0001207
=022  1\$a2043-0310$y0962-7618
=040  \\$aUk$beng$cUk
=042  \\$aukblsr
=082  04$a072.581$222
=130  0\$aRoyston crow (2004)
=222  \0$aRoyston crow$b(2004)
=245  10$aRoyston crow$h[microform].
=246  17$aCrow
=260  \\$a[Royston :$bRoyston Crow],$c2004-
=300  \\$av. :$bill. (some col.), ports. (some col.) ;$c38 cm.
=310  \\$aWeekly
=336  \\$atext$2rdacontent
=337  \\$amicroform$2rdamedia
=338  \\$amicrofilm reel$2rdacarrier
=362  0\$aNo. 6261 (9 Sept. 2004)-
=500  \\$aDescription based on: no. 6533 (7 Jan. 2010) issue.
=533  \\$aMicrofilm.$bLondon :$cBritish Library,$e35 mm.
=651  \0$aRoyston (Hertfordshire, England)$vNewspapers.
=651  \0$aHertfordshire (England)$vNewspapers.
=752  \\$aEngland$bHertfordshire$dRoyston.$2blnpn
=780  00$aCrow (Royston & Buntingford edition : 2003)
=852  41$32004-2009$aBritish Library$bHMNTS$z-Jun 2009$zMicroform.$jMFM.SP94
=866  \0$aNewspapers :no. 6261 (9 Sept. 2004)-2009
=985  \\$aEarlier history recorded differently by ISSN and NPL.
=CAT  \\$aBATCH-NPL$b00$c20070912$lBLL01$h1127
=CAT  \\$aBATCH-LINK$b00$c20070915$lBLL01$h0503
=CAT  \\$aBATCH$b00$c20070916$lBLL01$h1741
=CAT  \\$aB-BSS-DEL$b00$c20080331$lBLL01$h1538
=CAT  \\$a6537$b40$c20090701$lBLL01$h0738
=CAT  \\$a8128$b40$c20100126$lBLL01$h1206
=CAT  \\$a8128$b40$c20100126$lBLL01$h1211
=CAT  \\$a8128$b40$c20100126$lBLL01$h1228
=CAT  \\$a10932$b40$c20100129$lBLL01$h0938
=CAT  \\$aNPL-008-N$c20110504$lBLL01$h2206
=CAT  \\$aADD-NID$b00$c20110805$lBLL01$h1426
=CAT  \\$a8201$b40$c20120120$lBLL01$h0926
=CAT  \\$aNPL-LOCK$b77$c20140207$lBLL01$h2154
=CAT  \\$c20140214$lBLL01$h1739
=FIN  \\$aY
=FMT  \\$a  SE
=LAS  \\$c20140214$lBLL01$h1739
=LEO  \\$aMP35.0000101180.5
=NID  \\$aNID0000875
=SRC  \\$aNPLv17$bbibmp35.20070831.aa
=TCO  \\$aCLA$bCLA$c008

