=LDR  03352 as a22007697a 4500
=001  013892525
=003  Uk
=005  20100219150418.0
=007  hd\afa015bacu
=008  950421c19179999enkwr\nea\\\\\0\\\a0eng\\
=019  n\$aNLC0001302
=022  1\$y0963-2336
=040  \\$aUk$beng$cUk$dUk
=082  04$a072.595$222
=245  00$aBucks free press$h[microform].
=246  3\$aBucks free press serving Wycombe, South Bucks & Chiltern districts
=260  \\$aHigh Wycombe :$bBucks Free Press
=260  3\$aWeybridge :$bNewsquest Media Group.
=310  \\$aWeekly
=336  \\$atext$2rdacontent
=337  \\$amicroform$2rdamedia
=338  \\$amicrofilm reel$2rdacarrier
=533  \\$aMicrofilm$bLondon :$cBritish Library.$e35 mm.
=651  \0$aBuckinghamshire (England)$vNewspapers.
=651  \0$aHigh Wycombe (England)$vNewspapers.
=752  \\$aEngland$bBuckinghamshire$dHigh Wycombe.$2blnpn
=780  00$tSouth Bucks free press, Wycombe and Maidenhead Journal
=852  41$31984$aBritish Library$bHMNTS$zMicroform.$jMFM.M38545-50
=852  41$31967$aBritish Library$bHMNTS$zJan-Aug$zMicroform$jMFM.M94261-2
=852  41$31972$aBritish Library$bHMNTS$zJan-Aug$zMicroform$jMFM.M94263-4
=852  41$31986-2009$aBritish Library$bHMNTS$z-Dec 2009$zMicroform.$jMFM.SP1041
=852  41$31918$aBritish Library$bHMNTS$zMicroform.$jMFM.M40523 [1918]
=866  \0$aNewspapers :no. 3162- (5 Oct. 1917-) ISSUES 1918, 1984, 1986- AVAILABLE ON MICROFILM. FOR ISSUES TO 1985 SEE PRINT.
=985  \\$aThe sub-title has changed several times on the issues since 1917, now printing "serving Wycombe, South Bucks & Chiltern districts" added variant title for now for accessioning. NPL record does not match with eds recorded by ISSN - DO NOT MERGE WITH ISSN RECORDS.
=CAT  \\$aBATCH-NPL$b00$c20070912$lBLL01$h1127
=CAT  \\$aBATCH-856$b50$c20150526$lBLL01$h0937
=CAT  \\$aBATCH-856$b50$c20150601$lBLL01$h1230
=CAT  \\$aBATCH-856$b50$c20150608$lBLL01$h0813
=CAT  \\$aBATCH-856$b50$c20150615$lBLL01$h0830
=CAT  \\$aBATCH-856$b50$c20150622$lBLL01$h1507
=CAT  \\$aBATCH-856$b50$c20150629$lBLL01$h1220
=CAT  \\$aBATCH-856$b50$c20150709$lBLL01$h1437
=CAT  \\$aBATCH-856$b50$c20150713$lBLL01$h1442
=CAT  \\$aBATCH-856$b50$c20150720$lBLL01$h1147
=CAT  \\$aBATCH-856$b50$c20150727$lBLL01$h1044
=CAT  \\$aBATCH-856$b50$c20150803$lBLL01$h1038
=CAT  \\$aBATCH-856$b50$c20150810$lBLL01$h1020
=CAT  \\$aBATCH-856$b50$c20150817$lBLL01$h0807
=CAT  \\$aBATCH-856$b50$c20150824$lBLL01$h1033
=CAT  \\$aBATCH-856$b50$c20150901$lBLL01$h1331
=CAT  \\$aBATCH-856$b50$c20150907$lBLL01$h1737
=CAT  \\$aBATCH-856$b50$c20150914$lBLL01$h1632
=CAT  \\$aBATCH-856$b50$c20150921$lBLL01$h0909
=CAT  \\$aBATCH-856$b50$c20150928$lBLL01$h1043
=CAT  \\$aBATCH-856$b50$c20151005$lBLL01$h1404
=CAT  \\$aBATCH-856$b50$c20151012$lBLL01$h0953
=CAT  \\$aBATCH-856$b50$c20151019$lBLL01$h0827
=CAT  \\$aBATCH-856$b50$c20151026$lBLL01$h1409
=CAT  \\$aBATCH-856$b50$c20151102$lBLL01$h1121
=CAT  \\$aBATCH$b00$c20151221$lBLL01$h1752
=FIN  \\$aY
=FMT  \\$a  SE
=LAS  \\$aBATCH$b00$c20151221$lBLL01$h1752
=LEO  \\$aMP35.0000101275.1
=NID  \\$aNID0000883
=SRC  \\$aNPLv17$bbibmp35.20070831.aa
=TCO  \\$aCLA$bCLA$c008

