=LDR  02439aas a22005777a 4500
=001  013893072
=003  Uk
=005  20120224094458.0
=007  hd\afa015bacu
=008  950421c19649999enkdn\nea\\\\\0\\\a0eng\\
=019  n\$aNLC0001546
=022  0\$y1747-1842
=040  \\$aUk$beng$cUk
=082  04$a072.456$222
=245  00$aShropshire star.$h[microform].
=260  \\$aTelford :$bShropshire Newspapers.
=300  \\$av. :$bcol. ill, col. ports. ;$c44 cm.
=310  \\$aDaily
=336  \\$atext$2rdacontent
=337  \\$amicroform$2rdamedia
=338  \\$amicrofilm reel$2rdacarrier
=500  \\$aDescription based on Saturday, 4 July 2009 issue.
=533  \\$aMicrofilm.$bLondon :$cBritish Library,$e35 mm.
=651  \0$aShropshire (England)$vNewspapers.
=651  \0$aTelford (England)$vNewspapers.
=752  \\$aEngland$bShropshire$dTelford.$2blnpn
=852  41$31986-2009$aBritish Library$bHMNTS$z-Dec 2009$zMicroform.$jMFM.SP1165
=866  \0$aNewspapers :no. 1 (5 Oct. 1964)- ; Microfilm holdings only. Some issues are held in print only. See separate record for print holdings
=985  \\$aNPL records for Shropshire star have a single record back to 1964, no particular edition given. This does not match the ISSN pattern, with a split into several different editions in the 1980s. Record upgraded on basis of "Shropshire star" Saturday 4 July issue. ISSN has been assigned for this as "Weekend ed." but NPL will shelve this with the rest. DO NOT MERGE THIS RECORD WITH ISSN RECORDS. MBrook.
=CAT  \\$aBATCH-NPL$b00$c20070912$lBLL01$h1127
=CAT  \\$aBATCH$b00$c20070916$lBLL01$h1742
=CAT  \\$aB-BSS-DEL$b00$c20080331$lBLL01$h1538
=CAT  \\$a8128$b40$c20090722$lBLL01$h1231
=CAT  \\$a8128$b40$c20090722$lBLL01$h1442
=CAT  \\$a8128$b40$c20090722$lBLL01$h1449
=CAT  \\$a8128$b40$c20090722$lBLL01$h1451
=CAT  \\$a10932$b40$c20100122$lBLL01$h1534
=CAT  \\$aNPL-008-N$c20110504$lBLL01$h2207
=CAT  \\$aADD-NID$b00$c20110805$lBLL01$h1426
=CAT  \\$aWR11_021$c20111124$lBLL01$h1524
=CAT  \\$aWR11_021$c20111124$lBLL01$h1531
=CAT  \\$a8201$b40$c20120224$lBLL01$h0944
=CAT  \\$aNPL-LOCK$b77$c20140207$lBLL01$h2154
=CAT  \\$c20140214$lBLL01$h1739
=FIN  \\$aY
=FMT  \\$a  SE
=LAS  \\$c20140214$lBLL01$h1739
=LEO  \\$aMP35.0000101517
=NID  \\$aNID0000909
=SRC  \\$aNPLv17$bbibmp35.20070831.aa
=TCO  \\$aCLA$bCLA$c008

