=LDR  02145 as a22005537a 4500
=001  013893193
=003  Uk
=005  20100215150501.0
=007  hd\afa015bacu
=008  950421c19749999enkdr\nea\\\\\0\\\a0eng\\
=019  n\$aNLC0001594
=022  1\$y1366-7807
=040  \\$aUk$cUk$dUk
=082  04$a072.393$222
=130  0\$aWestern daily press (Bristol, England : 1974)
=245  10$aWestern daily press$h[microform].
=336  \\$atext$2rdacontent
=337  \\$amicroform$2rdamedia
=338  \\$amicrofilm reel$2rdacarrier
=533  \\$aMicrofilm$bLondon :$cBritish Library.$e35 mm.
=651  \0$aBristol (England)$vNewspapers.
=651  \0$aGloucestershire (England)$vNewspapers.
=752  \\$aEngland$bAvon$dBristol.$2blnpn
=780  00$tWestern daily press and times and mirror
=852  41$31986-2009$aBritish Library$bHMNTS$z-Dec 2009$zMicroform.$jMFM.SP949
=866  \0$aNewspapers :no. 37714- (16 Sept. 1974-); ISSUES 1986- AVAILABLE ON MICROFILM. FOR ISSUES TO 1985 SEE PRINT.
=985  \\$aDisaggregated Record: NPL
=985  \\$aExisting NPL record upgraded for use as microfilm record. NPL records do not follow the same c/t sequence as recorded by ISSN - DO NOT MERGE RECORDS.
=CAT  \\$aBATCH-NPL$b00$c20070912$lBLL01$h1128
=CAT  \\$aBATCH-LINK$b00$c20070915$lBLL01$h0503
=CAT  \\$aBATCH$b00$c20070916$lBLL01$h1743
=CAT  \\$aB-BSS-DEL$b00$c20080331$lBLL01$h1538
=CAT  \\$aBATCH$b00$c20090416$lBLL01$h1356
=CAT  \\$a8201$b40$c20090521$lBLL01$h1135
=CAT  \\$a6537$b40$c20090730$lBLL01$h1017
=CAT  \\$a10932$b40$c20100211$lBLL01$h0923
=CAT  \\$a8128$b40$c20100215$lBLL01$h1505
=CAT  \\$aNPL-008-N$c20110504$lBLL01$h2208
=CAT  \\$aADD-NID$b00$c20110805$lBLL01$h1426
=CAT  \\$aNPL-LOCK$b77$c20140207$lBLL01$h2154
=CAT  \\$c20140214$lBLL01$h1739
=FIN  \\$aY
=FMT  \\$a  SE
=LAS  \\$c20140214$lBLL01$h1739
=LEO  \\$aMP35.0000101564.3
=LKR  \\$aPAR$b015488075$lBLL01$nWestern daily press (Print)$mWestern daily press (Microfilm)$r776
=NID  \\$aNID0000911
=SRC  \\$aNPLv17$bbibmp35.20070831.aa
=TCO  \\$aCLA$bCLA$c008

