=LDR  02644aas a22006737a 4500
=001  013893378
=003  Uk
=005  20201230144705.0
=007  hd\afa015bacu
=008  950421d19962010nikwr\nea\\\\\0\\\a0eng\\
=019  n\$aNLC0001778
=022  1\$y1745-8013
=040  \\$aUk$beng$cUk$dUk
=082  04$a072.91627$222
=130  0\$aNorthern constitution (1996)
=245  10$aNorthern constitution$h[microform].
=264  \1$aColeraine :$b[Northern Constitution]
=310  \\$aWeekly
=336  \\$atext$2rdacontent
=337  \\$amicroform$2rdamedia
=338  \\$amicrofilm reel$2rdacarrier
=362  0\$a20 Apr. 1996-11 Feb. 2010.
=533  \\$aMicrofilm.$bLondon :$cBritish Library,$e35 mm.
=651  \0$aColeraine (Northern Ireland)$vNewspapers.
=651  \0$aLondonderry (Northern Ireland : County)$vNewspapers.
=752  \\$aNorthern Ireland$bCounty Londonderry$dColeraine.$2blnpn
=780  00$tColeraine Constitution
=785  06$tNorthern constitution, the Limavady chronicle$x2043-9717
=785  06$tNorthern constitution, Mid-Ulster courier$x2043-9725
=852  41$31996-2009$aBritish Library$bHMNTS$z-Dec 2009$zMicroform.$jMFM.SP706
=866  \0$aNewspapers :20 April 1996-
=985  \\$aExisting NPL record upgraded for use as microfilm record. Recs do not show same c/t sequence as ISSN, DO NOT MERGE RECORDS.
=985  \\$aDisaggregated Record: NPL
=CAT  \\$aBATCH-NPL$b00$c20070912$lBLL01$h1128
=CAT  \\$aBATCH-LINK$b00$c20070915$lBLL01$h0503
=CAT  \\$aBATCH$b00$c20070916$lBLL01$h1743
=CAT  \\$aB-BSS-DEL$b00$c20080331$lBLL01$h1538
=CAT  \\$a6537$b40$c20090810$lBLL01$h0806
=CAT  \\$a10932$b40$c20100210$lBLL01$h1239
=CAT  \\$a8128$b40$c20100222$lBLL01$h1226
=CAT  \\$a8128$b40$c20100222$lBLL01$h1232
=CAT  \\$a8128$b40$c20100222$lBLL01$h1233
=CAT  \\$a8128$b40$c20100317$lBLL01$h1654
=CAT  \\$aNPL-008-N$c20110504$lBLL01$h2208
=CAT  \\$aADD-NID$b00$c20110805$lBLL01$h1426
=CAT  \\$aWR11_021$c20111124$lBLL01$h1524
=CAT  \\$aWR11_021$c20111124$lBLL01$h1531
=CAT  \\$aNPL-LOCK$b77$c20140207$lBLL01$h2154
=CAT  \\$c20140214$lBLL01$h1739
=CAT  \\$a14185$b40$c20201230$lBLL01$h1447
=FIN  \\$aY
=FMT  \\$a  SE
=LAS  \\$a14185$b40$c20201230$lBLL01$h1447
=LEO  \\$aMP35.0000101743.3
=LKR  \\$aPAR$b015492784$lBLL01$nNorthern constitution (1996 : Print)$mNorthern constitution (1996 : Microfilm)$r776
=LKR  \\$aPAR$b007741682$lBLL01$nColeraine constitution$mNorthern constitution (1996)$r78000
=NID  \\$aNID0000915
=SRC  \\$aNPLv17$bbibmp35.20070831.aa
=TCO  \\$aCLA$bCLA$c008

