=LDR  06446cas a2201297 a 4500
=001  013893449
=003  Uk
=005  20220301151000.0
=007  t|
=008  950421d19262012stkdr\ne\\\\\\0\\\a0eng\\
=019  n\$aNLC0001805
=022  \\$y1462-3420
=040  \\$aUk$beng$cUk$dUk
=042  \\$aukblsr
=082  04$a072.9127$223
=245  00$aCourier and advertiser.
=246  30$aCourier
=246  13$aCourier & advertiser
=250  \\$aDundee ed.
=260  \\$aDundee :$bD.C. Thomson,$c1926-2012.
=300  \\$av. :$bill., ports.
=310  \\$aDaily (except Sun.)
=336  \\$atext$2rdacontent
=337  \\$aunmediated$2rdamedia
=338  \\$avolume$2rdacarrier
=362  0\$aJune 3, 1926-Jan. 20, 2012.
=533  \\$aMicrofilm.$bLondon :$cBritish Library.$e35 mm.$m1926-1950, 1986-2010.
=540  \\$aBritish Library not licensed to copy$c0$5Uk
=651  \0$aDundee (Scotland)$vNewspapers.
=651  \0$aTayside (Scotland)$vNewspapers.
=780  00$tDundee courier and advertiser
=785  00$tCourier (Dundee edition)$x2049-7393
=852  \\$32010-20th Jan. (2012)$aBritish Library$bNPL$jNEWS.REG75
=852  41$31926$aBritish Library$bHMNTS$zMicroform.$jMFM.M65708-11
=852  41$31927$aBritish Library$bHMNTS$zMicroform.$jMFM.M65712-17
=852  41$31928$aBritish Library$bHMNTS$zMicroform.$jMFM.M65718-23
=852  41$31929$aBritish Library$bHMNTS$zMicroform.$jMFM.M65724-34
=852  41$31930$aBritish Library$bHMNTS$zMicroform.$jMFM.M65735-44
=852  41$31931$aBritish Library$bHMNTS$zMicroform.$jMFM.M65745-55
=852  41$31932$aBritish Library$bHMNTS$zMicroform.$jMFM.M65756-66
=852  41$31933$aBritish Library$bHMNTS$zMicroform.$jMFM.M65767-77
=852  41$31934$aBritish Library$bHMNTS$zMicroform.$jMFM.M65778-89
=852  41$31935$aBritish Library$bHMNTS$zMicroform.$jMFM.M65790-801
=852  41$31936$aBritish Library$bHMNTS$zMicroform.$jMFM.M65802-9
=852  41$31937$aBritish Library$bHMNTS$zMicroform.$jMFM.M65810-17
=852  41$31938$aBritish Library$bHMNTS$zMicroform.$jMFM.M65818-29
=852  41$31939$aBritish Library$bHMNTS$zMicroform.$jMFM.M65830-9
=852  41$31940$aBritish Library$bHMNTS$zMicroform.$jMFM.M65840-5
=852  41$31941$aBritish Library$bHMNTS$zMicroform.$jMFM.M65846-48
=852  41$31942$aBritish Library$bHMNTS$zMicroform.$jMFM.M65849-51
=852  41$31943$aBritish Library$bHMNTS$zMicroform.$jMFM.M65852-4
=852  41$31944$aBritish Library$bHMNTS$zMicroform.$jMFM.M65855-7
=852  41$31945$aBritish Library$bHMNTS$zMicroform.$jMFM.M65858-60
=852  41$31946$aBritish Library$bHMNTS$zMicroform.$jMFM.M65861-3
=852  41$31947$aBritish Library$bHMNTS$zMicroform.$jMFM.M65864-6
=852  41$31948$aBritish Library$bHMNTS$zMicroform.$jMFM.M65867-9
=852  41$31949$aBritish Library$bHMNTS$zMicroform.$jMFM.M65870-3
=852  41$31950$aBritish Library$bHMNTS$zMicroform.$jMFM.M65874-7
=852  41$31986-2012$aBritish Library$bHMNTS$jMFM.SP920$z1986- 2012$zMicroform
=852  41$31926-1985$aBritish Library$bNPL$jNEWS2440
=852  41$31986-2013$aBritish Library$bHMNTS$jMFM.SP920$z2 Jan 2013 - 31Oct 2013$zMicrform
=856  42$31926-1955, 1986-1992, 1994, 1996-1997$uhttp://www.britishnewspaperarchive.co.uk/search/results?TitleId=BL/0000564$yBritish Newspaper Archive
=866  \\$aNewspapers: 3 June 1926-20 Jan. 2012; This record has holdings for both print and microfilm versions. Print issues are not available for conservation reasons where an alternative format exists.
=985  \\$aDisaggregated Record: NPL
=985  \\$aNPL have used this record for many years, does not fit in with sequence of editions recorded by ISSN: DO NOT MERGE THIS RECORD WITH ANY ISSN RECORDS.
=ACF  \\$aBritish Library not licensed to copy$c0$e01-apr-2012$hC$iCLA Excluded$5Uk
=ACF  \\$aBritish Library not licensed to copy$c0$e01-jan-2012$hC$iCLA Excluded$5Uk
=ACF  \\$aBritish Library not licensed to copy$c0$e01-oct-2011$hC$iCLA Excluded$5Uk
=ACF  \\$aBritish Library not licensed to copy$c0$e01-jul-2011$hC$iCLA Excluded$5Uk
=ACF  \\$aBritish Library not licensed to copy$c0$e01-apr-2011$hC$iCLA Excluded$5Uk
=ACF  \\$aBritish Library not licensed to copy$c0$e01-jan-2011$hC$iCLA Excluded$5Uk
=ACF  \\$aBritish Library not licensed to copy$c0$e01-oct-2010$hC$iCLA Excluded$5Uk
=ACF  \\$aBritish Library not licensed to copy$c0$e01-jul-2010$hC$iCLA Excluded$5Uk
=ACF  \\$aBritish Library not licensed to copy$c0$e01-apr-2010$hC$iCLA Excluded$5Uk
=ACF  \\$aBritish Library not licensed to copy$c0$e01-jul-2012$hC$iCLA Excluded$5Uk
=CAT  \\$aBATCH-NPL$b00$c20070912$lBLL01$h1128
=CAT  \\$aBATCH-UPD$b50$c20211101$lBLL01$h1400
=CAT  \\$aBATCH-856$b50$c20211108$lBLL01$h1044
=CAT  \\$aBATCH-UPD$b50$c20211108$lBLL01$h1049
=CAT  \\$aBATCH-856$b50$c20211115$lBLL01$h0940
=CAT  \\$aBATCH-UPD$b50$c20211115$lBLL01$h0946
=CAT  \\$aBATCH-856$b50$c20211122$lBLL01$h1253
=CAT  \\$aBATCH-UPD$b50$c20211122$lBLL01$h1300
=CAT  \\$aBATCH-856$b50$c20211220$lBLL01$h1031
=CAT  \\$aBATCH-UPD$b50$c20211220$lBLL01$h1040
=CAT  \\$aBATCH-856$b50$c20211228$lBLL01$h1449
=CAT  \\$aBATCH-UPD$b50$c20211228$lBLL01$h1505
=CAT  \\$aBATCH-856$b50$c20220104$lBLL01$h0957
=CAT  \\$aBATCH-UPD$b50$c20220104$lBLL01$h1007
=CAT  \\$aBATCH-856$b50$c20220110$lBLL01$h1300
=CAT  \\$aBATCH-UPD$b50$c20220110$lBLL01$h1317
=CAT  \\$aBATCH-856$b50$c20220117$lBLL01$h1433
=CAT  \\$aBATCH-UPD$b50$c20220117$lBLL01$h1446
=CAT  \\$aBATCH-856$b50$c20220131$lBLL01$h1009
=CAT  \\$aBATCH-UPD$b50$c20220131$lBLL01$h1017
=CAT  \\$aBATCH-856$b50$c20220207$lBLL01$h0756
=CAT  \\$aBATCH-UPD$b50$c20220207$lBLL01$h0805
=CAT  \\$aBATCH-856$b50$c20220214$lBLL01$h0937
=CAT  \\$aBATCH-UPD$b50$c20220214$lBLL01$h0949
=CAT  \\$aBATCH-856$b50$c20220301$lBLL01$h1510
=CAT  \\$aBATCH-UPD$b50$c20220301$lBLL01$h1518
=CFI  0\$aBritish Library not licensed to copy$c0$e01-jan-2014$hC$iCFP Excluded$5Uk
=CFI  2\$aBritish Library not licensed to copy$c0$e01-oct-2012$hC$iCFP Excluded$5Uk
=FIN  \\$aY
=FMT  \\$a  SE
=LAS  \\$aBATCH-UPD$b50$c20220301$lBLL01$h1518
=LEO  \\$aMP35.0000101770.2
=LET  \0$aCourier & advertiser. Dundee ed.
=NID  \\$aNID0004539
=SRC  \\$aNPLv17$bbibmp35.20070831.aa
=TCO  \\$aCLA$bCLA$c008

