=LDR  04200cas a2200841u  4500
=001  013893521
=003  Uk
=005  20211112115605.0
=007  hd\afa015bacu
=008  950421d1870200ustk|||nea|\\\\0\\\||eng\\
=019  n\$aNLC0001844
=040  \\$aUk$cUk$dUk
=082  04$a072.9147$223
=245  04$aThe Galloway gazette$h[microform].
=336  \\$atext$2rdacontent
=337  \\$amicroform$2rdamedia
=338  \\$amicrofilm reel$2rdacarrier
=533  \\$aMicrofilm$bLondon :$cBritish Library.$e35 mm.$m1874-1876, 1879-1892, 1895, 1986-1989, 1991-2009.
=651  \0$aNewton Stewart (Scotland)$vNewspapers.
=651  \0$aStranraer (Scotland)$vNewspapers.
=651  \0$aDumfries and Galloway (Scotland)$vNewspapers.
=730  0\$aGalloway gazette and Stranraer news.$sMachars and Stewartry ed.$x1477-8750.
=730  0\$aGalloway gazette and Stranraer news.$sStranraer & Rhins ed.$x1477-8769.
=730  0\$aGalloway gazette.$sMachars and Stewartry edition$x2633-173X.
=785  06$tGalloway gazette and Stranraer news$c(Machars and Stewartry ed.)$x1477-8750
=785  06$tGalloway gazette and Stranraer news$c(Stranraer & Rhins ed.)$x1477-8769
=852  41$31874$aBritish Library$bHMNTS$zMicroform.$jMFM.M24132 [1874]
=852  41$31879$aBritish Library$bHMNTS$zMicroform.$jMFM.M26446 [1879]
=852  41$31880$aBritish Library$bHMNTS$zMicroform.$jMFM.M26206 [1880]
=852  41$31881$aBritish Library$bHMNTS$zMicroform.$jMFM.M26447 [1881]
=852  41$31882$aBritish Library$bHMNTS$zMicroform.$jMFM.M26448 [1882]
=852  41$31883$aBritish Library$bHMNTS$zMicroform.$jMFM.M24133 [1883]
=852  41$31884$aBritish Library$bHMNTS$zMicroform.$jMFM.M26801 [1884]
=852  41$31885$aBritish Library$bHMNTS$zMicroform.$jMFM.M27253 [1885]
=852  41$31886$aBritish Library$bHMNTS$zMicroform.$jMFM.M24134 [1886]
=852  41$31887$aBritish Library$bHMNTS$zMicroform.$jMFM.M28450 [1887]
=852  41$31888$aBritish Library$bHMNTS$zMicroform.$jMFM.M30353 [1888]
=852  41$31889$aBritish Library$bHMNTS$zMicroform.$jMFM.M28188 [1889]
=852  41$31890$aBritish Library$bHMNTS$zMicroform.$jMFM.M28559 [1890]
=852  41$31891$aBritish Library$bHMNTS$zMicroform.$jMFM.M29075 [1891]
=852  41$31892$aBritish Library$bHMNTS$zMicroform.$jMFM.M29671 [1892]
=852  41$31895$aBritish Library$bHMNTS$zMicroform.$jMFM.M39125 [1895]
=852  41$31986-1989, 1991-2009$aBritish Library$bHMNTS$z-Dec 2009$zMicroform.$jMFM.SP953
=852  41$31875$aBritish Library$bHMNTS$zMicroform.$jMFM.M24132 [1875]
=852  41$31876$aBritish Library$bHMNTS$zMicroform.$jMFM.M24132 [1876]
=866  \\$aNewspapers: 1874-1876, 1879-1892, 1895-1923, 1926, 1929-1930, 1932-1945, 1949-1957, 1959-1965, 1967- ; Microfilm holdings only. Some issues are held in print only. See separate records for print holdings.
=883  0\$aLanguage codes assigned by Bayesian analysis of words present in record$d20200826$qUk$c0.9919
=985  \\$aExisting NPL record upgraded for use as microfilm record.
=985  \\$aRecord has many print and m/f holdings attached...MBrook. NPL SEQUENCE DOES NOT MATCH WITH ISSN - DO NOT MERGE RECORDS.
=985  \\$aUpgraded by BSS-generated file for WR2009-0365
=CAT  \\$aBATCH-NPL$b00$c20070912$lBLL01$h1128
=CAT  \\$aBATCH$b00$c20070916$lBLL01$h1743
=CAT  \\$aB-BSS-DEL$b00$c20080331$lBLL01$h1538
=CAT  \\$aBATCH$b00$c20090416$lBLL01$h1356
=CAT  \\$a8128$b40$c20090909$lBLL01$h1127
=CAT  \\$aNPL-008-N$c20110504$lBLL01$h2208
=CAT  \\$aADD-NID$b00$c20110805$lBLL01$h1426
=CAT  \\$a8201$b40$c20111004$lBLL01$h1602
=CAT  \\$aWR11_021$c20111124$lBLL01$h1524
=CAT  \\$aWR11_021$c20111124$lBLL01$h1531
=CAT  \\$aNPL-LOCK$b77$c20140207$lBLL01$h2154
=CAT  \\$c20140214$lBLL01$h1740
=CAT  \\$a8323$b40$c20190903$lBLL01$h1432
=CAT  \\$a8323$b40$c20190904$lBLL01$h1139
=CAT  \\$aW2009-0365$b00$c20201017$lBLL01$h0931
=CAT  \\$a8323$b40$c20211112$lBLL01$h1156
=FIN  \\$aY
=FMT  \\$a  SE
=LAS  \\$a8323$b40$c20211112$lBLL01$h1156
=LEO  \\$aMP35.0000101806
=NID  \\$aNID0000921
=SRC  \\$aNPLv17$bbibmp35.20070831.aa
=TCO  \\$aZZZ$c008

