=LDR  02490aas a2200613 a 4500
=001  013895331
=003  Uk
=005  20160602091731.0
=007  hd\afa015bacu
=008  950421d1986200uenkwr\nea\\\\\0\\\a0eng\\
=019  n\$aNLC0002910
=022  \\$y1479-1331
=040  \\$aUk$beng$cUk$dUk
=042  \\$aukblsr
=082  04$a072.21$222
=245  00$aSurrey comet$h[microform].
=246  1\$iAlso known as:$aSurrey comet (Royal Borough of Kingston),$f-26 Mar. 2004
=246  1\$iAlso known as:$aSurrey comet (Weybridge)$f31 Mar. 2004-
=260  \\$aMorden :$bNewsquest (London)
=300  \\$bill., ports.
=310  \\$aWeekly
=336  \\$atext$2rdacontent
=337  \\$amicroform$2rdamedia
=338  \\$amicrofilm reel$2rdacarrier
=500  \\$aIncludes midweek editions (when published) until 24 Nov. 1987.
=500  \\$aLatest issue consulted: Apr. 28, 2004 issue.
=533  \\$aMicrofilm.$bLondon :$cBritish Library.$e35 mm.$m7 Nov. 1986-Dec. 2005.
=651  \0$aKingston upon Thames (London, England)$vNewspapers.
=651  \0$aRichmond upon Thames (London, England)$vNewspapers.
=651  \0$aSurrey (England)$vNewspapers.
=780  00$tKingston and district comet
=852  41$31986-2005$aBritish Library$bHMNTS$zMicroform.$jMFM.SP1444
=866  \\$aNewspapers: 7 Nov. 1986-June 2009; Microfilm holdings only. Some issues are held in print only. See separate record for print holdings.
=985  \\$aExisting NPL record upgraded to form NPL microfilm record.
=985  \\$aNPL microfilm reel (covering Jan. 2, 2004 - Apr. 28, 2004) consulted. Not a c/t. Also, ISSN record indicates an earlier c/t around 2002, therefore NPL record not merged with ISSN records.
=CAT  \\$aBATCH-NPL$b00$c20070912$lBLL01$h1129
=CAT  \\$aBATCH-LINK$b00$c20070915$lBLL01$h0504
=CAT  \\$aBATCH$b00$c20070916$lBLL01$h1746
=CAT  \\$aB-BSS-DEL$b00$c20080331$lBLL01$h1539
=CAT  \\$a5997$b40$c20090204$lBLL01$h1227
=CAT  \\$a5997$b40$c20090319$lBLL01$h0845
=CAT  \\$aNPL-008-N$c20110504$lBLL01$h2210
=CAT  \\$aADD-NID$b00$c20110805$lBLL01$h1426
=CAT  \\$aNPL-LOCK$b77$c20140207$lBLL01$h2155
=CAT  \\$c20140214$lBLL01$h1740
=CAT  \\$a8323$b40$c20160602$lBLL01$h0913
=CAT  \\$a8323$b40$c20160602$lBLL01$h0917
=FIN  \\$aY
=FMT  \\$a  SE
=LAS  \\$a8323$b40$c20160602$lBLL01$h0917
=LEO  \\$aMP35.0000102850.2
=NID  \\$aNID0000986
=SRC  \\$aNPLv17$bbibmp35.20070831.aa
=TCO  \\$aCLA$bCLA$c008

