=LDR  03944 as a22008657a 4500
=001  013899138
=003  Uk
=005  20100122144004.0
=007  hd|afa015bacu
=008  950421c19789999enkdr\n\\\\\\\0\\\a0eng\\
=019  n\$aNLC0006966
=022  0\$a0957-6231
=040  \\$aUk$cUk$dUk
=082  04$a072.1$222
=245  00$aDaily star$h[microform].
=260  \\$aLondon :$bExpress Newspapers.
=336  \\$atext$2rdacontent
=337  \\$amicroform$2rdamedia
=338  \\$amicrofilm reel$2rdacarrier
=500  \\$aIncludes a Sunday edition from 15 Sept.2002 onward.
=533  \\$aMicrofilm.$bLondon :$cBritish Library.$e35mm.
=540  \\$aBritish Library not licensed to copy$c0$5Uk
=651  \0$aLondon (England)$vNewspapers.
=752  \\$aEngland$dLondon.$2blnpn
=852  41$31978-2009$aBritish Library$bHMNTS$zMicroform.$jMFM.MLD3B
=866  \0$aNewspapers :no.1- (2 Nov.1978--)
=985  \\$aC/T sequence recorded by NPL does not match the ISSN/BNB title sequence (c/t to STAR 1985-1988). ISSN used in this record belongs to the incarnation of "Daily star" which began in 1988. DO NOT MERGE RECORDS MB
=ACF  \\$aBritish Library not licensed to copy$c0$e01-apr-2012$hC$iCLA Excluded$5Uk
=ACF  \\$aBritish Library not licensed to copy$c0$e01-jan-2012$hC$iCLA Excluded$5Uk
=ACF  \\$aBritish Library not licensed to copy$c0$e01-oct-2011$hC$iCLA Excluded$5Uk
=ACF  \\$aBritish Library not licensed to copy$c0$e01-jul-2011$hC$iCLA Excluded$5Uk
=ACF  \\$aBritish Library not licensed to copy$c0$e01-apr-2011$hC$iCLA Excluded$5Uk
=ACF  \\$aBritish Library not licensed to copy$c0$e01-jan-2011$hC$iCLA Excluded$5Uk
=ACF  \\$aBritish Library not licensed to copy$c0$e01-oct-2010$hC$iCLA Excluded$5Uk
=ACF  \\$aBritish Library not licensed to copy$c0$e01-jul-2010$hC$iCLA Excluded$5Uk
=ACF  \\$aBritish Library not licensed to copy$c0$e01-apr-2010$hC$iCLA Excluded$5Uk
=ACF  \\$aBritish Library not licensed to copy$c0$e01-Jan-2010$hC$iCLA Excluded$5Uk
=ACF  \\$aBritish Library not licensed to copy$c0$e01-oct-2009$hC$iCLA Excluded$5Uk
=ACF  \\$aBritish Library not licensed to copy$c0$e01-jul-2012$hC$iCLA Excluded$5Uk
=CAT  \\$aBATCH-NPL$b00$c20070912$lBLL01$h1133
=CAT  \\$aIPL-CLA$c20101231$lBLL01$h1523
=CAT  \\$aBATCH-CLA$b00$c20110228$lBLL01$h1555
=CAT  \\$aIPL-CLA$c20110331$lBLL01$h1507
=CAT  \\$aNPL-008-N$c20110504$lBLL01$h2212
=CAT  \\$aBATCH-CLA$b00$c20110531$lBLL01$h1652
=CAT  \\$aIPL-CLA$c20110630$lBLL01$h1547
=CAT  \\$aADD-NID$b00$c20110805$lBLL01$h1427
=CAT  \\$aBATCH-CLA$b00$c20110831$lBLL01$h1815
=CAT  \\$aIPL-CLA$c20110930$lBLL01$h1552
=CAT  \\$aWR11_021$c20111124$lBLL01$h1525
=CAT  \\$aWR11_021$c20111124$lBLL01$h1532
=CAT  \\$aBATCH-CLA$b00$c20111130$lBLL01$h1215
=CAT  \\$aIPL-CLA$c20111230$lBLL01$h2028
=CAT  \\$aBATCH-CLA$b00$c20120229$lBLL01$h1626
=CAT  \\$aIPL-CLA$c20120330$lBLL01$h1439
=CAT  \\$aBATCH-CLA$b00$c20120531$lBLL01$h1726
=CAT  \\$aIPL-CLA$c20120629$lBLL01$h1038
=CAT  \\$aBATCH-CLA$b00$c20120831$lBLL01$h1553
=CAT  \\$aIPL-CLA$c20120930$lBLL01$h2128
=CAT  \\$aBATCH-CLA$b00$c20121109$lBLL01$h1724
=CAT  \\$aWR12_128$c20121113$lBLL01$h1826
=CAT  \\$aBATCH-CLA$b00$c20131129$lBLL01$h1704
=CAT  \\$aIPL-CLA$c20140101$lBLL01$h0026
=CAT  \\$aNPL-LOCK$b77$c20140207$lBLL01$h2157
=CAT  \\$c20140214$lBLL01$h1741
=CFI  0\$aBritish Library not licensed to copy$c0$e01-jan-2014$hC$iCFP Excluded$5Uk
=CFI  2\$aBritish Library not licensed to copy$c0$e01-oct-2012$hC$iCFP Excluded$5Uk
=FIN  \\$aY
=FMT  \\$a  SE
=LAS  \\$c20140214$lBLL01$h1741
=LEO  \\$aMP35.0000106833
=LKR  \\$aPAR$b015285686$lBLL01$nDaily star (Print)$mDaily star (Microfilm)$r776
=NID  \\$aNID0000992
=SRC  \\$aNPLv17$bbibmp35.20070831.aa
=TCO  \\$aCLA$bCLA$c008

