=LDR  06744aas a22011777a 4500
=001  013900996
=003  Uk
=005  20211028162106.0
=007  hd\afa015bacu
=008  950421d18622021enkcr\nea\\\\\0\\\a0eng\\
=019  n\$aNLC0008649
=040  \\$aUk$beng$cUk$dUk
=082  04$a072.847$222
=245  00$aWhitby gazette$h[microform].
=260  3\$aScarborough :$bYorkshire Regional Newspapers
=300  \\$bill., ports.
=321  \\$aSemiweekly,$bApr. 2000-Dec. 2011
=321  \\$aWeekly,$b-Mar. 2000
=336  \\$atext$2rdacontent
=337  \\$amicroform$2rdamedia
=338  \\$amicrofilm reel$2rdacarrier
=500  \\$aOriginal title (in 1854) was: Whitby Gazette : Horne's List of Visitors, etc.
=500  \\$aFormerly published: Whitby : Horne & Son, 1862-
=500  \\$aDescription based on 14 Aug. 2009 issue.
=533  \\$aMicrofilm.$bLondon :$cBritish Library.$e35 mm.$m8 Nov. 1862-Dec. 1919; 1986-2005.
=651  \0$aWhitby (England)$vNewspapers.
=651  \0$aNorth Yorkshire (England)$vNewspapers.
=740  0\$aWhitby gazette, Hornes' general advertising medium and List of visitors.$5Uk
=780  00$tWhitby gazette, Hornes' general advertising medium and List of visitors
=780  05$tWhitby times, and North Yorkshire advertiser
=852  41$31919$aBritish Library$bHMNTS$jMFM.M95194$z3Jan 1919 - 24 Dec 1919$zMicroform
=852  41$aBritish Library$bNPL$3Vol.[1].no. 3, etc (20 July, 10, 31 Aug., 28 Sept. 1854; 20 July, 10, 24 Aug.,7,21 Sept. 1855; 3 July,7,14 Aug.,11-25 Sept. 1856; 20,27 June,29 Aug.,26 Sept.-10 Oct.,5 Dec. 1857; 23 Jan.-6 Feb.,3 April 1858-31 Mar. 21 Ap.i. 1860; 7,21 Sept.,5,12 Oct., 2,30 Nov. 1861; 4 Jan. 1862-30 Dec. 1910; 3-17 Feb., 10 Mar. 2, 16-30 June, 25 Aug., 29 Sept. 1911; 5 Jan. 1912 -)***Microfilm only 1854-83,1888,1911.***1858-83 imperfect***Tues. and Fri. editions are stored and filmed together
=852  41$31884-1885$aBritish Library$bHMNTS$zMicroform.$jMFM.M91246 [1884-1885]
=852  41$31889$aBritish Library$bHMNTS$zMicroform.$jMFM.M91247 [1889]
=852  41$31890$aBritish Library$bHMNTS$zMicroform.$jMFM.M91248 [1890]
=852  41$31892$aBritish Library$bHMNTS$zMicroform.$jMFM.M91249 [1892]
=852  41$31895$aBritish Library$bHMNTS$zMicroform.$jMFM.M91250 [1895]
=852  41$31897-1898$aBritish Library$bHMNTS$zMicroform.$jMFM.M91251 [1897-1898]
=852  41$31899$aBritish Library$bHMNTS$zMicroform.$jMFM.M91252 [1899]
=852  41$31900$aBritish Library$bHMNTS$zMicroform.$jMFM.M91253 [1900]
=852  41$31901$aBritish Library$bHMNTS$zMicroform.$jMFM.M91254 [1901]
=852  41$31902$aBritish Library$bHMNTS$zMicroform.$jMFM.M91255 [1902]
=852  41$31903$aBritish Library$bHMNTS$zMicroform.$jMFM.M91256 [1903]
=852  41$31904$aBritish Library$bHMNTS$zMicroform.$jMFM.M91257 [1904]
=852  41$31905$aBritish Library$bHMNTS$zMicroform.$jMFM.M91258 [1905]
=852  41$31906$aBritish Library$bHMNTS$zMicroform.$jMFM.M91259 [1906]
=852  41$31907$aBritish Library$bHMNTS$zMicroform.$jMFM.M91260 [1907]
=852  41$31908$aBritish Library$bHMNTS$zMicroform.$jMFM.M91261 [1908]
=852  41$31909$aBritish Library$bHMNTS$zMicroform.$jMFM.M91262 [1909]
=852  41$31910$aBritish Library$bHMNTS$zMicroform.$jMFM.M91263 [1910]
=852  41$31912$aBritish Library$bHMNTS$zMicroform.$jMFM.M91264 [1912]
=852  41$31913$aBritish Library$bHMNTS$zMicroform.$jMFM.M91265 [1913]
=852  41$31914$aBritish Library$bHMNTS$zMicroform.$jMFM.M91266 [1914]
=852  41$31915$aBritish Library$bHMNTS$zMicroform.$jMFM.M91267 [1915]
=852  41$31916$aBritish Library$bHMNTS$zMicroform.$jMFM.M91268 [1916]
=852  41$31917$aBritish Library$bHMNTS$zMicroform.$jMFM.M91269 [1917]
=852  41$31918$aBritish Library$bHMNTS$zMicroform.$jMFM.M91270 [1918]
=852  41$31986-2005$aBritish Library$bHMNTS$zMicroform.$jMFM.SP1375
=852  41$31854-1860$aBritish Library$bHMNTS$zMicroform.$jMFM.M5741 [1854-1860]
=852  41$31861-1863$aBritish Library$bHMNTS$zMicroform.$jMFM.M5742 [1861-1863]
=852  41$31864-1866$aBritish Library$bHMNTS$zMicroform.$jMFM.M5743 [1864-1866]
=852  41$31867-1869$aBritish Library$bHMNTS$zMicroform.$jMFM.M5744 [1867-1869]
=852  41$31870-1872$aBritish Library$bHMNTS$zMicroform.$jMFM.M5745 [1870-1872]
=852  41$31873-1875$aBritish Library$bHMNTS$zMicroform.$jMFM.M5746 [1873-1875]
=852  41$31876-1878$aBritish Library$bHMNTS$zMicroform.$jMFM.M5747 [1876-1878]
=852  41$31879-1881$aBritish Library$bHMNTS$zMicroform.$jMFM.M5748 [1879-1881]
=852  41$31882-1883$aBritish Library$bHMNTS$zMicroform.$jMFM.M5749 [1882-1883]
=852  41$31886$aBritish Library$bHMNTS$zMicroform.$jMFM.M31878 [1886]
=852  41$31887$aBritish Library$bHMNTS$zMicroform.$jMFM.M31481 [1887]
=852  41$31888$aBritish Library$bHMNTS$zMicroform.$jMFM.M4097 [1888]
=852  41$31891$aBritish Library$bHMNTS$zMicroform.$jMFM.M32235 [1891]
=852  41$31893$aBritish Library$bHMNTS$zMicroform.$jMFM.M32574 [1893]
=852  41$31894$aBritish Library$bHMNTS$zMicroform.$jMFM.M32021 [1894]
=852  41$31896$aBritish Library$bHMNTS$zMicroform.$jMFM.M23661 [1896]
=852  41$31911$aBritish Library$bHMNTS$zMicroform.$jMFM.M5750 [1911]
=985  \\$aOriginal NPL record upgraded to form Microfilm record. NPL TITLE CHANGE SEQUENCE DOES NOT MATCH WITH ISSN. Issues are produced on Tuesday (red) and Friday (blue), no edition statements, but publisher is using different (incorrect) ISSN on both issues. Issues reverted to weekly from 2012.
=985  \\$aTues. and Fri. filmed together, single record used for accessioning purposes
=CAT  \\$aBATCH-NPL$b00$c20070912$lBLL01$h1134
=CAT  \\$aBATCH$b00$c20070916$lBLL01$h1754
=CAT  \\$aB-BSS-DEL$b00$c20080331$lBLL01$h1541
=CAT  \\$a8128$b40$c20091008$lBLL01$h1342
=CAT  \\$a8128$b40$c20091008$lBLL01$h1349
=CAT  \\$a10932$b40$c20100223$lBLL01$h0901
=CAT  \\$a10932$b40$c20100225$lBLL01$h1315
=CAT  \\$a10932$b40$c20100225$lBLL01$h1317
=CAT  \\$a10932$b40$c20100225$lBLL01$h1407
=CAT  \\$aNPL-008-N$c20110504$lBLL01$h2213
=CAT  \\$aADD-NID$b00$c20110805$lBLL01$h1427
=CAT  \\$aNPL-LOCK$b77$c20140207$lBLL01$h2158
=CAT  \\$aNPL-UNLOCK$b00$c20140216$lBLL01$h0849
=CAT  \\$a8323$b40$c20160511$lBLL01$h1129
=CAT  \\$a8323$b40$c20211028$lBLL01$h1407
=CAT  \\$a8323$b40$c20211028$lBLL01$h1621
=FIN  \\$aY
=FMT  \\$a  SE
=LAS  \\$a8323$b40$c20211028$lBLL01$h1621
=LEO  \\$aMP35.0000108490
=LKR  \\$aPAR$b013900999$lBLL01$nWhitby times, and North Yorkshire advertiser$mWhitby gazette$r78005
=NID  \\$aNID0000994
=SRC  \\$aNPLv17$bbibmp35.20070831.aa
=TCO  \\$aCLA$bCLA$c008

