=LDR  03295cas a22007697a 4500
=001  013912822
=003  Uk
=005  20220301151023.0
=007  ta
=008  950421c18379999enkuu\n\\\\\\\0\\\a0eng\\
=019  n\$aNLC0022528
=040  \\$aUk$cUk$dUk
=082  04$a072.1$222
=130  0\$aPublic ledger (1837)
=245  14$aThe Public ledger.
=336  \\$atext$2rdacontent
=337  \\$aunmediated$2rdamedia
=338  \\$avolume$2rdacarrier
=651  \0$aLondon (England)$vNewspapers.
=752  \\$aEngland$dLondon.$2blnpn
=780  00$tConstitutional and public ledger
=852  41$aBritish Library$bNPL$3New series. no. 1 (3 July 1837)-1993
=852  41$31964$aBritish Library$bHMNTS$zMicroform.$jMFM.MLD95
=852  41$31965$aBritish Library$bHMNTS$zMicroform.$jMFM.MLD95
=852  41$31966$aBritish Library$bHMNTS$zMicroform.$jMFM.MLD95
=852  41$31967$aBritish Library$bHMNTS$zMicroform.$jMFM.MLD95
=852  41$31968$aBritish Library$bHMNTS$zMicroform.$jMFM.MLD95
=852  41$31969$aBritish Library$bHMNTS$zMicroform.$jMFM.MLD95
=852  41$31970$aBritish Library$bHMNTS$zMicroform.$jMFM.MLD95
=852  41$31837-1993$aBritish Library$bNPL$jNEWS12056
=852  41$31837-1963$aBritish Library$bHMNTS$zMicroform.$jMFM.MLD95
=856  42$31837-1911$uhttp://www.britishnewspaperarchive.co.uk/search/results?TitleId=BL/0001260$yBritish Newspaper Archive
=985  \\$aThis record had been used to record all issues from 1837 to 2010. BNB and ISSN recs show a sequence of title changes and reversions. Holdings from 1994 onward have been moved to latest record, with a LKR giving access to the NPL stock on this record, MB.
=CAT  \\$aBATCH-NPL$b00$c20070912$lBLL01$h1142
=CAT  \\$aBATCH-UPD$b50$c20211101$lBLL01$h1411
=CAT  \\$aBATCH-856$b50$c20211108$lBLL01$h1044
=CAT  \\$aBATCH-UPD$b50$c20211108$lBLL01$h1100
=CAT  \\$aBATCH-856$b50$c20211115$lBLL01$h0940
=CAT  \\$aBATCH-UPD$b50$c20211115$lBLL01$h0956
=CAT  \\$aBATCH-856$b50$c20211122$lBLL01$h1254
=CAT  \\$aBATCH-UPD$b50$c20211122$lBLL01$h1309
=CAT  \\$aBATCH-856$b50$c20211220$lBLL01$h1031
=CAT  \\$aBATCH-UPD$b50$c20211220$lBLL01$h1114
=CAT  \\$aBATCH-856$b50$c20211228$lBLL01$h1450
=CAT  \\$aBATCH-UPD$b50$c20211228$lBLL01$h1521
=CAT  \\$aBATCH-856$b50$c20220104$lBLL01$h0958
=CAT  \\$aBATCH-UPD$b50$c20220104$lBLL01$h1020
=CAT  \\$aBATCH-856$b50$c20220110$lBLL01$h1300
=CAT  \\$aBATCH-UPD$b50$c20220110$lBLL01$h1356
=CAT  \\$aBATCH-856$b50$c20220117$lBLL01$h1434
=CAT  \\$aBATCH-UPD$b50$c20220117$lBLL01$h1507
=CAT  \\$aBATCH-856$b50$c20220131$lBLL01$h1010
=CAT  \\$aBATCH-UPD$b50$c20220131$lBLL01$h1029
=CAT  \\$aBATCH-856$b50$c20220207$lBLL01$h0756
=CAT  \\$aBATCH-UPD$b50$c20220207$lBLL01$h0820
=CAT  \\$aBATCH-856$b50$c20220214$lBLL01$h0937
=CAT  \\$aBATCH-UPD$b50$c20220214$lBLL01$h1003
=CAT  \\$aBATCH-856$b50$c20220301$lBLL01$h1510
=CAT  \\$aBATCH-UPD$b50$c20220301$lBLL01$h1530
=FIN  \\$aY
=FMT  \\$a  SE
=LAS  \\$aBATCH-UPD$b50$c20220301$lBLL01$h1530
=LEO  \\$aMP35.0000122177.6
=LET  \0$aPublic ledger (London, England : 1837)
=NID  \\$aNID0018889
=SRC  \\$aNPLv17$bbibmp35.20070831.aa
=TCO  \\$aCLA$bCLA$c008

