=LDR  04561cas a2201009 a 4500
=001  013916387
=003  Uk
=005  20221231214544.0
=007  hd\afa015bacu
=008  950421d19181996enkwr\nea\\\\\0\\\a0eng\\
=019  n\$aNLC0029743
=019  c\$a2307494
=022  0\$a0039-5196$202
=040  \\$aUk$beng$cUk$dUk
=042  \\$aukblsr
=082  04$a072.1$222
=222  \0$aSunday express
=245  00$aSunday express$h[microform].
=260  \\$aLondon :$bBeaverbrook Newspapers,$c1918-1996.
=260  3\$aLondon :$bExpress Newspapers
=300  \\$av. :$bill., ports.
=310  \\$aWeekly
=336  \\$atext$2rdacontent
=337  \\$amicroform$2rdamedia
=338  \\$amicrofilm reel$2rdacarrier
=362  0\$aNo. 1 (29 Dec. 1918)-29 Sept. 1996.
=533  \\$aMicrofilm$bLondon ;$bBoston Spa :$cBritish Library.$e35 mm.$m29 Dec. 1918-29 Sept. 1996.$nDSC holdings for May/Nov. 1977, May 1978, Dec. 1982, Feb./Apr. 1983 and July 1985 filmed with concurrent copies of the Daily Express.
=540  \\$aCurrent Copyright Fee: GBP25.00$c0$5Uk
=588  \\$aDescription based on: May 8, 1977 issue.
=588  \\$aLatest issue consulted: July 26, 1985 issue.
=595  \\$aCONTD AS 3843.406N FORMERLY 3843.406N SEE ALSO IN 3511.86635F SEE ALSO CARD INDEX.
=651  \0$aGreat Britain$vNewspapers.
=752  \\$aEngland$dLondon.$2blnpn
=785  00$tExpress on Sunday$x1366-0381
=852  41$aBritish Library$bDSC$cF$j8533.544700$3May-Dec. 1938, May/Nov. 1977, May 1978, Dec. 1982, Feb./Apr. 1983 and July 1985 *A=1
=852  41$31918-1996$aBritish Library$bHMNTS$zMicroform.$jMFM.MLD42$3No. 1 (29 Dec. 1918)-29 Sept. 1996.
=945  \\$aSUNDAY EXPRESS -LONDON-
=959  \\$fHeld but not currently received
=963  \\$a18 JUNE 1961- 29 SEP. 1996 *A=1; 14 FEB. 1999- *A=1$bN$cNPR.B.2021
=985  \\$aNPL record originally had all holdings 1918-present in single record. Title changes revised in line with ISSN recs.
=ACF  \\$aBritish Library not licensed to copy$c0$e29-may-2002$g0$hC$iCLA-excluded$5Uk
=ACF  \\$aCurrent copyright fee: GBP5.00$c0$e24-may-2002$fGBP5.00$g0$hC$5Uk
=ACF  \\$aBritish Library not licensed to copy$c0$e01-apr-1997$g0$iCLA-excluded$5Uk
=ACF  \\$aPrevious copyright fee: GBP10.50$c0$e01-jan-2011$fGBP10.50$g0$hA$5Uk
=ACF  \\$aPrevious copyright fee: GBP12.00$c0$e01-jan-2012$fGBP12.00$g0$hA$5Uk
=ACF  \\$aPrevious Copyright Fee: GBP12.30$c0$e01-jan-2014$fGBP12.30$g0$hA$5Uk
=ACF  \\$aPrevious Copyright Fee: GBP15.00$c0$e01-jan-2017$fGBP15.00$g0$hA$5Uk
=ACF  \\$aPrevious Copyright Fee: GBP17.50$c0$e01-jan-2018$fGBP17.50$g0$hA$5Uk
=ACF  \\$aPrevious Copyright Fee: GBP20.00$c0$e01-jan-2020$fGBP20.00$g0$hA$5Uk
=CAT  \\$aBATCH-NPL$b00$c20070912$lBLL01$h1144
=CAT  \\$a8128$b40$c20100617$lBLL01$h1806
=CAT  \\$aNPL-008-N$c20110504$lBLL01$h2221
=CAT  \\$aADD-NID$b00$c20110805$lBLL01$h1428
=CAT  \\$a11205$b40$c20111005$lBLL01$h1106
=CAT  \\$a8323$b40$c20111006$lBLL01$h0749
=CAT  \\$a8323$b40$c20111006$lBLL01$h0816
=CAT  \\$aWR11_203$c20111204$lBLL01$h1512
=CAT  \\$aIPL-CLA$c20111230$lBLL01$h2028
=CAT  \\$aBATCH-CLA$b00$c20121109$lBLL01$h1724
=CAT  \\$aWR13.005$c20130322$lBLL01$h1828
=CAT  \\$aBATCH-CLA$c20131220$lBLL01$h2045
=CAT  \\$aIPL-CLA$c20140101$lBLL01$h0026
=CAT  \\$aNPL-LOCK$b77$c20140207$lBLL01$h2206
=CAT  \\$aNPL-UNLOCK$b00$c20140216$lBLL01$h0849
=CAT  \\$aBATCH-CLA$b00$c20161222$lBLL01$h1816
=CAT  \\$aIPL-CLA$c20161230$lBLL01$h2226
=CAT  \\$aBATCH-CLA$b00$c20171222$lBLL01$h2138
=CAT  \\$aIPL-CLA$c20171231$lBLL01$h1712
=CAT  \\$aBATCH-CLA$b00$c20191219$lBLL01$h1740
=CAT  \\$aIPL-CLA$c20191231$lBLL01$h1949
=CAT  \\$aR2001-1524$c20200127$lBLL01$h2025
=CAT  \\$aBATCH-CLA$b00$c20201204$lBLL01$h1545
=CAT  \\$aIPL-CLA$c20201231$lBLL01$h2227
=CAT  \\$aBATCH-CLA$b00$c20221221$lBLL01$h1855
=CAT  \\$aIPL-CLA$c20221231$lBLL01$h2145
=CFI  0\$aCurrent Copyright Fee: GBP25.00$c0$e01-jan-2023$fGBP25.00$g0$hA$5Uk
=CFI  2\$aPrevious Copyright Fee: GBP22.50$c0$e01-jan-2021$fGBP22.50$g0$hA$5Uk
=FIN  \\$aY
=FMT  \\$a  SE
=LAS  \\$aIPL-CLA$b00$c20221231$lBLL01$h2145
=LEO  \\$aMP10.0000559890
=LEO  \\$aMP35.0000129307
=LKR  \\$aPAR$b009543735$lBLL01$nSunday express (Print)$mSunday express (Microfilm)$r776
=NID  \\$aNID0000172
=SRC  \\$aDSS01$bbibmp10.200404.2.aa
=SRC  \\$aNPLv17$bbibmp35.20070831.aa
=TCO  \\$aCLA$bCLA$c008

