=LDR  02092aas a2200577 a 4500
=001  013919769
=003  Uk
=005  20120228095153.0
=007  hd\afa015bacu
=008  950421d19962002enkwr\nea\\\\\0\\\a0eng\\
=019  n\$aNLC0038004
=040  \\$aUk$beng$cUk
=042  \\$aukblsr
=082  04$a072.548$222
=130  0\$aAshby mail (1996)
=245  10$aAshby mail$h[microform].
=300  \\$av. :$bill., ports.
=310  \\$aWeekly
=336  \\$atext$2rdacontent
=337  \\$amicroform$2rdamedia
=338  \\$amicrofilm reel$2rdacarrier
=533  \\$aMicrofilm.$bLondon :$cBritish Library,$e35 mm.
=651  \0$aAshby-de-la-Zouch (England)$vNewspapers.
=651  \0$aLeicestershire (England)$vNewspapers.
=752  \\$aEngland$bLeicestershire$dAshby de la Zouch.$2blnpn
=780  00$tAshby & Coalville mail$gno.269-323 (7 Sept.1995-19 Sept.1996)$w013919768
=785  00$tAshby & Coalville mail (2002)$gno.509- (4 April 2002-)$w013919770
=852  41$31996-2002$aBritish Library$bHMNTS$zMicroform.$jMFM.SP2170
=866  \0$aNewspapers :no. 324-508 (26 Sept. 1996-28 Mar. 2002) ;
=985  \\$aNPL title sequence does not match with ISSN sequence. DO NOT MERGE WITH ISSN RECORDS.
=CAT  \\$aBATCH-NPL$b00$c20070912$lBLL01$h1146
=CAT  \\$aBATCH-LINK$b00$c20070915$lBLL01$h0509
=CAT  \\$aBATCH-LINK$b00$c20070915$lBLL01$h0515
=CAT  \\$aBATCH-LINK$b00$c20070915$lBLL01$h0523
=CAT  \\$aBATCH$b00$c20070916$lBLL01$h1816
=CAT  \\$aB-BSS-DEL$b00$c20080331$lBLL01$h1547
=CAT  \\$a5997$b40$c20100322$lBLL01$h1323
=CAT  \\$a5997$b40$c20100322$lBLL01$h1331
=CAT  \\$a5997$b40$c20100322$lBLL01$h1537
=CAT  \\$aNPL-008-N$c20110504$lBLL01$h2222
=CAT  \\$aADD-NID$b00$c20110805$lBLL01$h1429
=CAT  \\$a8201$b40$c20120228$lBLL01$h0951
=CAT  \\$aNPL-LOCK$b77$c20140207$lBLL01$h2207
=CAT  \\$c20140214$lBLL01$h1745
=FIN  \\$aY
=FMT  \\$a  SE
=LAS  \\$c20140214$lBLL01$h1745
=LEO  \\$aMP35.0000137380.3
=NID  \\$aNID0023644
=SRC  \\$aNPLv17$bbibmp35.20070831.aa
=TCO  \\$aCLA$bCLA$c008

