=LDR  02476aas a22006497a 4500
=001  013920311
=003  Uk
=005  20120711115317.0
=007  hd\afa015bacu
=008  950421d19941999enkwr\nea\\\\\0\\\a0eng\\
=019  n\$aNLC0040031
=022  1\$y1356-0077
=040  \\$aUk$beng$cUk$dUk
=042  \\$aukblsr
=082  04$a072.787$222
=130  0\$aTimes & star (Cockermouth and Keswick edition)
=222  \0$aTimes & Star$b(Cockermouth and Keswick ed.)
=245  10$aTimes & Star$h[microform].
=250  \\$aCockermouth & Keswick ed.
=260  \\$aWorkington :$bCumbrian Newspapers,$c1994-1999.
=300  \\$av. :$bill., ports. ;$c60cm.
=310  \\$aWeekly
=336  \\$atext$2rdacontent
=337  \\$amicroform$2rdamedia
=338  \\$amicrofilm reel$2rdacarrier
=362  0\$aFri. June 24 1994-May 14, 1999.
=500  \\$aA local edition of The West Cumberland Times & Star.
=533  \\$aMicrofilm.$bLondon :$cBritish Library,$e35 mm.
=651  \0$aCockermouth (England)$vNewspapers.
=651  \0$aKeswick (Cumbria, England)$vNewspapers.
=651  \0$aCumbria (England)$vNewspapers.
=752  \\$aEngland$bCumbria$dWorkington.$2blnpn
=785  00$tTimes & Star (Cockermouth edition)$x1473-1304
=852  41$31994-1999$aBritish Library$bHMNTS$zMicroform.$jMFM.SP2368
=866  \0$aNewspapers :24 June 1994-14 May 1999 ; Microfilm holdings only. See separate record for print holdings
=985  \\$aDisaggregated Record: NPL
=985  \\$aExisting NPL record upgraded with info from BNB/ISSN record, not seen again for cataloguing.
=CAT  \\$aBATCH-NPL$b00$c20070912$lBLL01$h1146
=CAT  \\$aBATCH-LINK$b00$c20070915$lBLL01$h0515
=CAT  \\$aBATCH-LINK$b00$c20070915$lBLL01$h0523
=CAT  \\$aBATCH$b00$c20070916$lBLL01$h1817
=CAT  \\$aB-BSS-DEL$b00$c20080331$lBLL01$h1547
=CAT  \\$a8128$b40$c20090930$lBLL01$h1740
=CAT  \\$a8128$b40$c20090930$lBLL01$h1743
=CAT  \\$aNPL-008-N$c20110504$lBLL01$h2222
=CAT  \\$aADD-NID$b00$c20110805$lBLL01$h1429
=CAT  \\$a8201$b40$c20120711$lBLL01$h1153
=CAT  \\$aNPL-LOCK$b77$c20140207$lBLL01$h2207
=CAT  \\$c20140214$lBLL01$h1745
=FIN  \\$aY
=FMT  \\$a  SE
=LAS  \\$c20140214$lBLL01$h1745
=LEO  \\$aMP35.0000138888
=LKR  \\$aPAR$lBLL01$r78500$nTimes & Star (Cockermouth ed.)$b013920312$mTimes & Star (Cockermouth & Keswick ed.)
=NID  \\$aNID0024083
=SRC  \\$aNPLv17$bbibmp35.20070831.aa
=TCO  \\$aCLA$bCLA$c008

