=LDR  02142aas a22005657a 4500
=001  013920312
=003  Uk
=005  20191106154139.0
=007  hd\afa015bacu
=008  950421d19992019enkwr\nea\\\\\0\\\a0eng\\
=019  n\$aNLC0040031
=022  1\$a1473-1304
=040  \\$aUk$beng$cUk$dUk
=082  04$a072.787$222
=130  0\$aTimes & star (Cockermouth edition)
=222  \0$aCockermouth times & star
=245  10$aTimes & star$h[microform].
=246  3\$aTimes and star
=246  1\$iAlso known as:$aCockermouth times & star
=250  \\$aCockermouth [ed.].
=260  \\$a[Carlisle :$bCumbrian Newspapers],$c1999-
=310  \\$aWeekly
=336  \\$atext$2rdacontent
=337  \\$amicroform$2rdamedia
=338  \\$amicrofilm reel$2rdacarrier
=533  \\$aMicrofilm.$bLondon :$cBritish Library.$e35 mm.$m21 May 1999-Dec. 2006.
=651  \0$aCockermouth (England)$vNewspapers.
=651  \0$aCumbria (England)$vNewspapers.
=780  00$tTimes & Star (Cockermouth & Keswick ed.)$x1356-0077
=852  41$31999-2006$aBritish Library$bHMNTS$zMicroform.$jMFM.SP2368
=866  \\$aNewspapers: 21 May 1999-11 Oct. 2019; Microfilm holdings only. Some issues are held in print only. See separate record for print holdings.
=985  \\$aExisting NPL record upgraded with info from ISSN record. Not seen for cataloguing. Mismatch between 245 and ISSN, different interpretation, MB.
=CAT  \\$aBATCH-NPL$b00$c20070912$lBLL01$h1146
=CAT  \\$aBATCH-LINK$b00$c20070915$lBLL01$h0509
=CAT  \\$aBATCH$b00$c20070916$lBLL01$h1817
=CAT  \\$aB-BSS-DEL$b00$c20080331$lBLL01$h1547
=CAT  \\$a8128$b40$c20090930$lBLL01$h1803
=CAT  \\$a8128$b40$c20091001$lBLL01$h1039
=CAT  \\$aNPL-008-N$c20110504$lBLL01$h2222
=CAT  \\$aADD-NID$b00$c20110805$lBLL01$h1429
=CAT  \\$aNPL-LOCK$b77$c20140207$lBLL01$h2207
=CAT  \\$c20140214$lBLL01$h1745
=CAT  \\$a8323$b40$c20191106$lBLL01$h1541
=FIN  \\$aY
=FMT  \\$a  SE
=LAS  \\$a8323$b40$c20191106$lBLL01$h1541
=LEO  \\$aMP35.0000138888.1
=NID  \\$aNID0000643
=SRC  \\$aNPLv17$bbibmp35.20070831.aa
=TCO  \\$aCLA$bCLA$c008

