=LDR  02570 as a22006257a 4500
=001  013920331
=003  Uk
=005  20160927093821.0
=007  hd\bfb|||b|||
=008  950421d19732009enkwr\n\\\\\\\0\\\a0eng\\
=019  n\$aNLC0040096
=040  \\$aUk$cUk$dUk
=082  04$a072.751$223
=245  00$aWirral globe$h[microform].
=310  \\$aWeekly
=336  \\$atext$2rdacontent
=337  \\$amicroform$2rdamedia
=338  \\$amicrofilm reel$2rdacarrier
=533  \\$aMicrofilm.$bLondon :$cBritish Library.$e35 mm.
=651  \0$aWirral (England)$vNewspapers.
=651  \0$aMerseyside (England)$vNewspapers.
=730  0\$aWirral globe (Birkenhead edition)$x1741-4407.$5Uk
=730  0\$aWirral globe (Wallasey edition)$x1741-4393.$5Uk
=730  0\$aWirral globe (West Wirral edition)$x1741-4377.$5Uk
=730  0\$aWirral globe (Bebington & Bromborough edition)$x1741-4385.$5Uk
=785  06$tWirral globe (Birkenhead edition)$x1741-4407
=785  06$tWirral globe (Wallasey edition)$x1741-4393
=785  06$tWirral globe (West Wirral edition)$x1741-4377
=785  06$tWirral globe (Bebington & Bromborough edition)$x1741-4385
=852  41$31994, 1996-2005$aBritish Library$bHMNTS$zMicroform.$jMFM.SP2413
=866  \\$aNewspapers: vol. 22, no. 24 (15 June 1994)- ; Microfilm holdings only. Some issues are held in print only. See separate record for print holdings.
=985  \\$aISSN recs show a split into a number of editions, then re-merger in 2009. All NPL issues to 2009 (varying editions) recorded on this record. New record from 2009 to match with ISSN sequence.
=CAT  \\$aBATCH-NPL$b00$c20070912$lBLL01$h1146
=CAT  \\$aBATCH$b00$c20070916$lBLL01$h1817
=CAT  \\$aB-BSS-DEL$b00$c20080331$lBLL01$h1547
=CAT  \\$a10932$b40$c20090611$lBLL01$h0855
=CAT  \\$a6537$b40$c20090810$lBLL01$h1450
=CAT  \\$a8128$b40$c20100118$lBLL01$h1512
=CAT  \\$a8128$b40$c20100128$lBLL01$h1347
=CAT  \\$aNPL-008-N$c20110504$lBLL01$h2222
=CAT  \\$aADD-NID$b00$c20110805$lBLL01$h1429
=CAT  \\$aWR11_021$c20111124$lBLL01$h1528
=CAT  \\$aWR11_021$c20111124$lBLL01$h1534
=CAT  \\$a8201$b40$c20120120$lBLL01$h0944
=CAT  \\$aNPL-LOCK$b77$c20140207$lBLL01$h2207
=CAT  \\$c20140214$lBLL01$h1745
=CAT  \\$a8323$b40$c20160511$lBLL01$h0918
=CAT  \\$a8323$b40$c20160927$lBLL01$h0938
=FIN  \\$aY
=FMT  \\$a  SE
=LAS  \\$a8323$b40$c20160927$lBLL01$h0938
=LEO  \\$aMP35.0000138916
=NID  \\$aNID0024099
=SRC  \\$aNPLv17$bbibmp35.20070831.aa
=TCO  \\$aCLA$bCLA$c008

