=LDR  02433 as a2200673 a 4500
=001  013920865
=003  Uk
=005  20131014102218.0
=007  hd\afa015bacu
=008  950421d20032008enkwr\nea\\\\\0\\\a0eng\\
=015  \\$aGBA899794$2bnb
=019  n\$aNLC0040483
=040  \\$aUk$beng$cUk$dUk
=042  \\$aukblsr
=082  04$a072.294$222
=245  00$aTwyford times$h[microform].
=246  17$aTimes
=260  \\$aWokingham :$bWokingham Times
=300  \\$av. :$bill., ports.
=310  \\$aWeekly
=336  \\$atext$2rdacontent
=337  \\$amicroform$2rdamedia
=338  \\$amicrofilm reel$2rdacarrier
=500  \\$aDescription based on: Jan. 29, 2003 issue.
=500  \\$aDiscontinued.
=525  \\$aAccompanied by supplement with title: The property paper.
=533  \\$aMicrofilm.$bLondon :$cBritish Library,$d2007-$e35 mm.
=651  \0$aTwyford (Berkshire, England)$vNewspapers.
=651  \0$aWokingham (England)$vNewspapers.
=740  42$aThe property paper.
=752  \\$aEngland$bBerkshire$dTwyford.$2blnpn
=852  41$32003-2008$aBritish Library$bHMNTS$z-27 Aug 2008 DISC$zMicroform.$jMFM.SP2716
=866  \0$aNewspapers :29 Jan. 2003-27 Aug. 2008 ; Microfilm holdings only. See separate record for print holdings
=985  \\$aSee also Issn record for 1362-8666. Not clear whether this relates to this title run
=CAT  \\$aBATCH-NPL$b00$c20070912$lBLL01$h1147
=CAT  \\$aBATCH$b00$c20070916$lBLL01$h1817
=CAT  \\$aB-BSS-DEL$b00$c20080331$lBLL01$h1547
=CAT  \\$a8323$b40$c20080814$lBLL01$h0822
=CAT  \\$a8323$b40$c20080814$lBLL01$h0828
=CAT  \\$a8323$b40$c20080814$lBLL01$h0831
=CAT  \\$a8323$b40$c20080814$lBLL01$h1001
=CAT  \\$a8323$b40$c20080814$lBLL01$h1026
=CAT  \\$a8323$b40$c20080814$lBLL01$h1030
=CAT  \\$a8323$b40$c20080819$lBLL01$h1333
=CAT  \\$aNPL-008-N$c20110504$lBLL01$h2223
=CAT  \\$a8323$b40$c20110524$lBLL01$h1651
=CAT  \\$aADD-NID$b00$c20110805$lBLL01$h1429
=CAT  \\$a8201$b40$c20120418$lBLL01$h0907
=CAT  \\$a13427$b40$c20131014$lBLL01$h1022
=CAT  \\$aNPL-LOCK$b77$c20140207$lBLL01$h2208
=CAT  \\$c20140214$lBLL01$h1745
=CAT  \\$aWR14_140$c20140905$lBLL01$h1816
=FIN  \\$aY
=FMT  \\$a  SE
=LAS  \\$aWR14_140$b00$c20140905$lBLL01$h1816
=LEO  \\$aMP35.0000139419
=NID  \\$aNID0024544
=SRC  \\$aNPLv17$bbibmp35.20070831.aa
=TCO  \\$aCLA$bCLA$c008

