=LDR  02328 as a2200661 a 4500
=001  013921000
=003  Uk
=005  20120926145435.0
=007  hd\afa015bacu
=008  950421d19962004wlkwr\nea\\\\\0\\\a0eng\\
=019  n\$aNLC0040189
=022  1\$y1740-3227
=040  \\$aUk$beng$cUk$dUk
=042  \\$aukblsr
=082  04$a072.92921$222
=245  00$aYnys Môn chronicle$h[microform].
=246  3\$aChronicle (Ynys Môn)
=260  \\$aBangor :$bChronicle,$c[1996]-2004.
=300  \\$av. :$bill., ports.
=310  \\$aWeekly
=336  \\$atext$2rdacontent
=337  \\$amicroform$2rdamedia
=338  \\$amicrofilm reel$2rdacarrier
=362  1\$aBegan in 1996.
=362  0\$a-27 May 2004.
=500  \\$aFinal issue consulted.
=533  \\$aMicrofilm.$bLondon :$cBritish Library,$d2000-2007.$e35 mm.
=651  \0$aAnglesey (Wales)$vNewspapers.
=651  \0$aGwynedd (Wales)$vNewspapers.
=752  \\$aWales$bAnglesey.$2blnpn
=785  00$tNorth Wales chronicle (Bangor, Wales : Ynys Môn edition)
=852  41$31997-2004$aBritish Library$bHMNTS$zMicroform.$jMFM.SP2542
=866  \0$aNewspapers :11 Sept. 1997-27 May 2004 ; Microfilm holdings only. See separate record for print holdings
=985  \\$aRecord upgraded from ISSN record. Start dated taken from ISSN record.
=985  \\$a752 - AC - needs authorising in BL015.
=CAT  \\$aBATCH-NPL$b00$c20070912$lBLL01$h1147
=CAT  \\$aBATCH$b00$c20070916$lBLL01$h1817
=CAT  \\$aB-BSS-DEL$b00$c20080331$lBLL01$h1547
=CAT  \\$a5997$b40$c20081014$lBLL01$h0847
=CAT  \\$a5997$b40$c20081014$lBLL01$h1025
=CAT  \\$a5997$b40$c20081014$lBLL01$h1031
=CAT  \\$a5997$b40$c20081014$lBLL01$h1249
=CAT  \\$a8323$b40$c20081014$lBLL01$h1331
=CAT  \\$aNPL-008-N$c20110504$lBLL01$h2223
=CAT  \\$aADD-NID$b00$c20110805$lBLL01$h1429
=CAT  \\$aWR11_021$c20111124$lBLL01$h1528
=CAT  \\$aWR11_021$c20111124$lBLL01$h1534
=CAT  \\$aBATCH-UPD$b00$c20111124$lBLL01$h1749
=CAT  \\$a8201$b40$c20120926$lBLL01$h1454
=CAT  \\$aNPL-LOCK$b77$c20140207$lBLL01$h2208
=CAT  \\$c20140214$lBLL01$h1745
=FIN  \\$aY
=FMT  \\$a  SE
=LAS  \\$c20140214$lBLL01$h1745
=LEO  \\$aMP35.0000139568
=NID  \\$aNID0024649
=SRC  \\$aNPLv17$bbibmp35.20070831.aa
=TCO  \\$aCLA$bCLA$c008

