=LDR  01790 as a2200517u  4500
=001  013921049
=003  Uk
=005  20090708121705.0
=007  hd\afa015bacu
=008  950421c20009999enk|||nea|\\\\0\\\||eng\\
=019  n\$aNLC0040222
=022  1\$a1752-0207
=040  \\$aUk$beng$cUk
=082  04$a072.449$222
=222  \0$aDroitwich Spa advertiser
=245  00$aDroitwich Spa advertiser$h[microform].
=336  \\$atext$2rdacontent
=337  \\$amicroform$2rdamedia
=338  \\$amicrofilm reel$2rdacarrier
=533  \\$aMicrofilm.$bLondon :$cBritish Library,$e35 mm.
=651  \0$aDroitwich (England)$vNewspapers.
=651  \0$aHereford and Worcester (England)$vNewspapers.
=752  \\$aEngland$bHereford & Worcester$dDroitwich.$2blnpn
=852  41$32000-2006$aBritish Library$bHMNTS$zMicroform.$jMFM.SP2605
=866  \0$aNewspapers :no.1307- (2 Aug. 2000-)
=985  \\$aCorrected by BSS-generated file for WR# 10/166
=985  \\$aExisting NPL record upgraded for use as microfilm record.
=985  \\$aISSN record has start date 198u
=CAT  \\$aBATCH-NPL$b00$c20070912$lBLL01$h1147
=CAT  \\$aBATCH$b00$c20070916$lBLL01$h1817
=CAT  \\$aB-BSS-DEL$b00$c20080331$lBLL01$h1547
=CAT  \\$a6537$b40$c20090708$lBLL01$h1217
=CAT  \\$aBLSS-CORR$b00$c20101119$lBLL01$h1723
=CAT  \\$aNPL-008-N$c20110504$lBLL01$h2223
=CAT  \\$aADD-NID$b00$c20110805$lBLL01$h1429
=CAT  \\$aWR11_021$c20111124$lBLL01$h1528
=CAT  \\$aWR11_021$c20111124$lBLL01$h1534
=CAT  \\$aNPL-LOCK$b77$c20140207$lBLL01$h2208
=CAT  \\$c20140214$lBLL01$h1745
=FIN  \\$aY
=FMT  \\$a  SE
=LAS  \\$c20140214$lBLL01$h1745
=LEO  \\$aMP35.0000139617
=NID  \\$aNID0000754
=SRC  \\$aNPLv17$bbibmp35.20070831.aa
=TCO  \\$aCLA$bCLA$c008

