=LDR  02441aas a2200661 a 4500
=001  013921056
=003  Uk
=005  20090928103621.0
=007  hd\afa015bacu
=008  950421c20049999enkdr\nea\\\\\0\\\a0eng\\
=019  n\$aNLC0040228
=022  1\$a2042-0749$y0963-3529
=040  \\$aUk$beng$cUk$dUk
=042  \\$aukblsr
=082  04$a072.6792$222
=222  \0$aCastle Point echo
=245  00$aCastle Point echo$h[microform].
=246  17$aEcho
=260  \\$aBasildon :$bNewsquest Essex,$c2004-
=300  \\$av. :$bill. (chiefly col.), ports. (chiefly col.) ;$c36 cm.
=310  \\$aDaily
=336  \\$atext$2rdacontent
=337  \\$amicroform$2rdamedia
=338  \\$amicrofilm reel$2rdacarrier
=362  0\$a29 Nov. 2004-
=500  \\$aDescription based on: 24 Aug. 2009 issue.
=533  \\$aMicrofilm.$e35 mm.$m29 Nov.2004-30 Dec. 2005.$nChanged pages on microfilm for Southend echo.
=651  \0$aCastle Point (England)$vNewspapers.
=651  \0$aEssex (England)$vNewspapers.
=752  \\$aEngland$bEssex$dBasildon.$2blnpn
=780  00$tCastle Point evening echo
=852  41$32004-2005$aBritish Library$bHMNTS$zMicroform.$jMFM.SP365
=866  \0$aNewspapers :29 Nov.2004-30 Dec. 2005.
=985  \\$aDisaggregated Record: NPL
=985  \\$aExisting NPL record upgraded on basis of copy received in ISSN. Not included on "changed pages" microfilm since 30 Dec. 2005.
=CAT  \\$aBATCH-NPL$b00$c20070912$lBLL01$h1147
=CAT  \\$aBATCH-LINK$b00$c20070915$lBLL01$h0509
=CAT  \\$aBATCH$b00$c20070916$lBLL01$h1817
=CAT  \\$aB-BSS-DEL$b00$c20080331$lBLL01$h1547
=CAT  \\$a8128$b40$c20090923$lBLL01$h1207
=CAT  \\$a8128$b40$c20090923$lBLL01$h1324
=CAT  \\$a8128$b40$c20090923$lBLL01$h1332
=CAT  \\$a8128$b40$c20090924$lBLL01$h1315
=CAT  \\$a8128$b40$c20090925$lBLL01$h1338
=CAT  \\$a7416$b40$c20090928$lBLL01$h1036
=CAT  \\$aNPL-008-N$c20110504$lBLL01$h2223
=CAT  \\$aADD-NID$b00$c20110805$lBLL01$h1429
=CAT  \\$aNPL-LOCK$b77$c20140207$lBLL01$h2208
=CAT  \\$c20140214$lBLL01$h1745
=CAT  \\$aWR14_140$c20140905$lBLL01$h1816
=FIN  \\$aY
=FMT  \\$a  SE
=LAS  \\$aWR14_140$b00$c20140905$lBLL01$h1816
=LEO  \\$aMP35.0000139623.1
=LKR  \\$aPAR$b015368521$lBLL01$nCastle Point echo (Print)$mCastle Point echo (Microfilm)$r776
=NID  \\$aNID0001067
=SRC  \\$aNPLv17$bbibmp35.20070831.aa
=TCO  \\$aCLA$bCLA$c008

