=LDR  01962 as a2200553 a 4500
=001  013921102
=003  Uk
=005  20131010170544.0
=007  hd\afa015bacu
=008  950421d20012009enkwr\nea\\\\\0\\\a0eng\\
=019  n\$aNLC0040519
=022  1\$y1755-6848
=040  \\$aUk$beng$cUk$dUk
=082  04$a072.233$222
=222  \0$aSittingbourne & Sheppey adscene
=245  00$aSittingbourne & Sheppey adscene$h[microform].
=246  3\$aSittingbourne and Sheppey adscene
=260  \\$aCanterbury :$bKent Regional News and Media
=310  \\$aWeekly
=336  \\$atext$2rdacontent
=337  \\$amicroform$2rdamedia
=338  \\$amicrofilm reel$2rdacarrier
=533  \\$aMicrofilm.$bLondon :$cBritish Library,$e35 mm.
=651  \0$aKent (England)$vNewspapers.
=651  \0$aSittingbourne (England)$vNewspapers.
=752  \\$aEngland$bKent$dSittingbourne.$2blnpn
=852  41$32001-2009$aBritish Library$bHMNTS$z-1 May 2009$zMicroform.$jMFM.SP2634
=866  \0$aNewspapers :no. 201 (8 June 2001)-1 May 2009 ; Microfilm holdings only. See separate record for print holdings
=985  \\$aISSN record has start date 199u
=CAT  \\$aBATCH-NPL$b00$c20070912$lBLL01$h1147
=CAT  \\$aBATCH$b00$c20070916$lBLL01$h1817
=CAT  \\$aB-BSS-DEL$b00$c20080331$lBLL01$h1547
=CAT  \\$a6537$b40$c20090708$lBLL01$h1224
=CAT  \\$aBLSS-CORR$b00$c20101119$lBLL01$h1723
=CAT  \\$aNPL-008-N$c20110504$lBLL01$h2223
=CAT  \\$aADD-NID$b00$c20110805$lBLL01$h1429
=CAT  \\$aWR11_021$c20111124$lBLL01$h1528
=CAT  \\$aWR11_021$c20111124$lBLL01$h1534
=CAT  \\$a8201$b40$c20121016$lBLL01$h1536
=CAT  \\$a13427$b40$c20131010$lBLL01$h1705
=CAT  \\$aNPL-LOCK$b77$c20140207$lBLL01$h2208
=CAT  \\$c20140214$lBLL01$h1745
=FIN  \\$aY
=FMT  \\$a  SE
=LAS  \\$c20140214$lBLL01$h1745
=LEO  \\$aMP35.0000139681
=NID  \\$aNID0024728
=SRC  \\$aNPLv17$bbibmp35.20070831.aa
=TCO  \\$aCLA$bCLA$c008

