=LDR  03785cas a2200925 a 4500
=001  013942522
=003  Uk
=005  20130517121109.0
=007  ta
=008  950421c199u9999enkmr\p\\\\\\\0\\\a0eng\\
=019  n\$aNLC0039516
=040  \\$aUk$beng$cUk$dUk
=042  \\$aukblsr
=082  04$a381.1094205$222
=130  0\$aAccess all areas (Coventry, England)
=245  10$aAccess all areas :$bThe events trade magazine.
=260  \\$aCoventry :$bOcean Media Group
=264  31$aLondon :$bMash Media
=300  \\$av. :$bcol. ill., col. ports. ;$c31 cm.
=310  \\$aTen issues yearly
=336  \\$atext$2rdacontent
=337  \\$aunmediated$2rdamedia
=338  \\$avolume$2rdacarrier
=362  1\$aBegan in 1995?
=500  \\$aDescription based on: Issue 131 (June 2009).
=588  \\$aLatest issue consulted: issue 170 (May 2013).
=650  \0$aSpecial events$zGreat Britain$xManagement$vPeriodicals.
=650  \0$aSpecial events industry$zGreat Britain$vPeriodicals.
=650  \0$aEntertainment events$xEquipment and supplies$vPeriodicals.
=690  7\$aManagement and Business Studies$2blcoll
=852  41$31998-2009$aBritish Library$bNPL$jNEWS63
=852  41$31989-2009$aBritish Library$bNPL$jNEWS59
=852  41$32010-$aBritish Library$bNPL$jNEWS.REG1659
=852  41$aBritish Library$bNPL
=852  41$31994-2000$aBritish Library$bNPL$jNEWS13349
=852  41$31959-2004$aBritish Library$bNPL$jNEWS8298
=852  41$32009-Apr. (2011)$aBritish Library$bNPL$jNEWS.REG175
=852  41$31960$aBritish Library$bNPL$cSCT$j1959 [1960]
=852  41$32010-Jul. (2011)$aBritish Library$bNPL$jNEWS.REG1675
=852  41$32006-2009$aBritish Library$bNPL$jNEWS16257
=852  41$32007$aBritish Library$bHMNTS$jLOU.554 [2007]
=852  41$aBritish Library$bHMNTS$jREG2001$3Issue 137 (Feb. 2010)-
=852  41$31995$aBritish Library$bHMNTS$jLOU.554 [1995]
=852  41$31996$aBritish Library$bHMNTS$jLOU.637 [1996]
=852  41$31999$aBritish Library$bHMNTS$jLOU.637 [1999]
=852  41$32000$aBritish Library$bHMNTS$jLOU.556 [2000]
=852  41$32001$aBritish Library$bHMNTS$jLOU.322 [2001]
=852  41$32003$aBritish Library$bHMNTS$jLOU.438 [2003]
=852  41$32004$aBritish Library$bHMNTS$jLOU.354 [2004]
=852  41$32005$aBritish Library$bHMNTS$jLOU.466 [2005]
=852  41$aBritish Library$bHMNTS$3No. 9 (summer 1995)-
=852  41$32009$aBritish Library$bHMNTS$jLOU.621 [2009]
=985  \\$aExisting NPL record updated.
=985  \\$aUlrich's says this has ISSN 0960-6416. I've recalled items from other title - it is not the same thing. MBrook.
=CAT  \\$aBATCH-NPL$b00$c20070912$lBLL01$h1159
=CAT  \\$aBATCH$b00$c20070916$lBLL01$h1837
=CAT  \\$aB-BSS-DEL$b00$c20080331$lBLL01$h1551
=CAT  \\$a8128$b40$c20090805$lBLL01$h1639
=CAT  \\$a8128$b40$c20090805$lBLL01$h1746
=CAT  \\$aBATCH$b00$c20091111$lBLL01$h1753
=CAT  \\$aBATCH-UPD$b00$c20091211$lBLL01$h1854
=CAT  \\$a7792$b40$c20100426$lBLL01$h1152
=CAT  \\$aBATCH690$c20100715$lBLL01$h2104
=CAT  \\$aBATCH-MBS$c20100716$lBLL01$h2049
=CAT  \\$aNPL-008-P$c20110504$lBLL01$h2114
=CAT  \\$aBATCH-UPD$b00$c20110714$lBLL01$h1542
=CAT  \\$aWR12_095$c20120629$lBLL01$h1842
=CAT  \\$a5110$b40$c20130517$lBLL01$h1211
=CAT  \\$aNPL-LOCK$b77$c20140207$lBLL01$h2216
=CAT  \\$aNSB-MIG$b50$c20140215$lBLL01$h0150
=CAT  \\$aNSB-MIG$b50$c20140215$lBLL01$h0151
=CAT  \\$aRESET-LEV$b50$c20140302$lBLL01$h2356
=FIN  \\$aY
=FMT  \\$a  SE
=LAS  \\$aRESET-LEV$b50$c20140302$lBLL01$h2356
=LEO  \\$aMP35.0000138848
=LET  \0$aAccess all areas (Coventry, England)
=SRC  \\$aNPLv17$bbibmp35.20070831.aa
=SRC  \\$aDSS04$bbibld.200404.2.aa
=TCO  \\$aCLA$bCLA$c008

