=LDR  06355cas a2201417 a 4500
=001  013943850
=003  Uk
=005  20230210010626.0
=007  ta
=008  950421d19852012enkir\\\\\\\\\0\\\a0eng\\
=015  \\$aGB8862787$2bnb
=019  n\$aNLC0001950
=019  c\$a3021420
=019  y\$ab8862787
=022  0\$a1353-0941
=040  \\$aUk$beng$cUk$dUk
=042  \\$aukblsr
=082  04$a052$222
=130  0\$aLoot (London edition)
=222  \0$aLoot$b(London ed.)
=245  10$aLoot :$bLondon's noticeboard.
=246  1\$iAlso known as:$aLoot London
=246  1\$iSubtitle varies:$aLoot :$bthe London free ads paper,$f-22/23 Feb. 2012
=250  \\$a[London edition].
=260  \\$aManchester :$bLoot,$c[1985]-2012.
=300  \\$av. :$bill. ;$c37-45 cm.
=310  \\$aThree issues weekly
=321  \\$aFive issues weekly
=336  \\$atext$2rdacontent
=337  \\$aunmediated$2rdamedia
=338  \\$avolume$2rdacarrier
=362  1\$aBegan in 1985.
=362  0\$a-Wednesday 22nd/23rd February 2012.
=540  \\$aCurrent Copyright Fee: GBP25.00$c0$5Uk
=588  \\$aLatest issue consulted: Wednesday 22nd-23rd February 2012.
=595  \\$aSee card index & Records USC.
=650  \0$aAdvertising, Classified$zEngland$zLondon$vSpecimens$vPeriodicals.
=785  00$tLoot.com$bLondon$x2055-8066
=852  41$aBritish Library$bHMNTS$jREG2217$3Jan. (2010)-Feb. (2012)
=852  41$31990$aBritish Library$bHMNTS$jLOU.683-94 [1990]
=852  41$aBritish Library$bHMNTS$3No. 1 (28 Mar. 1985)-
=852  41$31985$aBritish Library$bHMNTS$jLOU.1963-4 [1985]
=852  41$31986$aBritish Library$bHMNTS$jLOU.1383 [1986]
=852  41$31986$aBritish Library$bHMNTS$jLOU.1382 [1986]
=852  41$31987$aBritish Library$bHMNTS$jLOU.1776-8 [1987]
=852  41$31988$aBritish Library$bHMNTS$jLOU.1417-20 [1988]
=852  41$31989$aBritish Library$bHMNTS$jLOU.945-50 [1989]
=852  41$31991$aBritish Library$bHMNTS$jLOU.320-31 [1991]
=852  41$31992$aBritish Library$bHMNTS$jLOU.77-88 [1992]
=852  41$31993$aBritish Library$bHMNTS$jLOU.1178-1201 [1993]
=852  41$31994$aBritish Library$bHMNTS$jLOU.330-53 [1994]
=852  41$31995$aBritish Library$bHMNTS$jLOU.143-66 [1995]
=852  41$31996$aBritish Library$bHMNTS$jLOU.1-24 [1996]
=852  41$31997-2007$aBritish Library$bHMNTS$jLOU.Shelfmarks held at Newspaper Reading Room issue Desk, Colindale
=852  41$31997$aBritish Library$bHMNTS$jLOU.1-24 [1997]
=852  41$31998$aBritish Library$bHMNTS$jLOU.154-77 [1998]
=852  41$31999$aBritish Library$bHMNTS$jLOU.81-104 [1999]
=852  41$32000$aBritish Library$bHMNTS$jLOU.711-34 [2000]
=852  41$32001$aBritish Library$bHMNTS$jLOU.596-618 [2001]
=852  41$32002$aBritish Library$bHMNTS$jLOU.730-53 [2002]
=852  41$32003$aBritish Library$bHMNTS$jLOU.612-35 [2003]
=852  41$32004$aBritish Library$bHMNTS$jLOU.853-76 [2004]
=852  41$32005$aBritish Library$bHMNTS$jLOU.707-30 [2005]
=852  41$32006$aBritish Library$bHMNTS$jLOU.656-76 [2006]
=852  41$32008$aBritish Library$bHMNTS$jLOU.746-58 [2008]
=852  41$32007$aBritish Library$bHMNTS$jLOU.697-710 [2007]
=852  41$32009$aBritish Library$bHMNTS$jLOU.468-80 [2009]
=945  \\$aLOOT- LONDONS NOTICEBOARD
=979  \\$aBritish Library$bDSC$j5294.552000N
=985  \\$aISSN UK Centre note: Please see separate set of ISSN records covering period of 1985-1994. ISSN 1353-0941 is valid for issues from 1994 onwards and has a separate ISSN record to enable ISSN record links to be made.
=ACF  \\$aBritish Library not licensed to copy$c0$e01-oct-2009$hC$iCLA Excluded$5Uk
=ACF  \\$aBritish Library not licensed to copy$c0$e01-jul-2009$hC$iCLA Excluded$5Uk
=ACF  \\$aBritish Library not licensed to copy$c0$e01-jul-2008$hC$iCLA Excluded$5Uk
=ACF  \\$aPrevious copyright fee: GBP10.50$c0$e01-jan-2011$fGBP10.50$g0$hA$5Uk
=ACF  \\$aPrevious copyright fee: GBP12.00$c0$e01-jan-2012$fGBP12.00$g0$hA$5Uk
=ACF  \\$aPrevious Copyright Fee: GBP12.30$c0$e01-jan-2014$fGBP12.30$g0$hA$5Uk
=ACF  \\$aPrevious Copyright Fee: GBP15.00$c0$e01-jan-2017$fGBP15.00$g0$hC$5Uk
=ACF  \\$aPrevious Copyright Fee: GBP17.50$c0$e01-jan-2018$fGBP17.50$g0$hC$5Uk
=ACF  \\$aPrevious Copyright Fee: GBP20.00$c0$e01-jan-2020$fGBP20.00$g0$hC$5Uk
=ACF  \\$aPrevious Copyright Fee: GBP22.50$c0$e01-jan-2021$fGBP22.50$g0$hC$5Uk
=CAT  \\$aBATCH-NPL$b00$c20070914$lBLL01$h0207
=CAT  \\$aBATCH-UPD$b40$c20101201$lBLL01$h1251
=CAT  \\$aIPL-CLA$c20101231$lBLL01$h1523
=CAT  \\$aNPL-008-P$c20110504$lBLL01$h2114
=CAT  \\$aBATCH-UPD$b00$c20110714$lBLL01$h1542
=CAT  \\$aWR11_203$c20111204$lBLL01$h1513
=CAT  \\$aIPL-CLA$c20111230$lBLL01$h2029
=CAT  \\$aWR12_095$c20120629$lBLL01$h1842
=CAT  \\$aBATCH-CLA$b00$c20121109$lBLL01$h1724
=CAT  \\$aWR13.005$c20130322$lBLL01$h1841
=CAT  \\$aBATCH-CLA$c20131220$lBLL01$h2046
=CAT  \\$aIPL-CLA$c20140101$lBLL01$h0027
=CAT  \\$aNPL-LOCK$b77$c20140207$lBLL01$h2217
=CAT  \\$aNPL-UNLOCK$b00$c20140216$lBLL01$h0849
=CAT  \\$a8323$b40$c20150108$lBLL01$h1010
=CAT  \\$a8323$b40$c20150115$lBLL01$h1153
=CAT  \\$aBATCH-CLA$b00$c20161130$lBLL01$h1648
=CAT  \\$aIPL-CLA$c20161230$lBLL01$h2228
=CAT  \\$aBATCH-CLA$b00$c20171130$lBLL01$h1714
=CAT  \\$aIPL-CLA$c20171231$lBLL01$h1713
=CAT  \\$aBATCH-CLA$b00$c20191129$lBLL01$h1629
=CAT  \\$aIPL-CLA$c20191231$lBLL01$h1950
=CAT  \\$aBATCH-CLA$b00$c20201126$lBLL01$h1419
=CAT  \\$aIPL-CLA$c20201231$lBLL01$h2228
=CAT  \\$aBATCH-CLA$b00$c20221130$lBLL01$h1500
=CAT  \\$aIPL-CLA$c20221231$lBLL01$h2146
=CAT  \\$aBATCH-CLA$b00$c20230209$lBLL01$h1547
=CAT  \\$aIPL-CLA$c20230210$lBLL01$h0106
=CFI  0\$aCurrent Copyright Fee: GBP25.00$c0$e09-feb-2023$fGBP25.00$g0$hC$5Uk
=CFI  2\$aBritish Library not licensed to copy$c0$e01-jan-2023$hC$iCFP Excluded$5Uk
=FIN  \\$aY
=FMT  \\$a  SE
=LAS  \\$aIPL-CLA$b00$c20230210$lBLL01$h0106
=LEO  \\$aMP35.0000101912
=LEO  \\$aMP10.0000351409
=LEO  \\$aMP5.0000774709
=LET  \0$aLoot. London
=SRC  \\$aNPLv17$bbibmp35.20070831.aa
=SRC  \\$aDSS01$bbibmp10.200404.2.aa
=SRC  \\$aBNB03$bbibmp5.200404.2.ab
=TCO  \\$aCLA$bCLA$c008

