=LDR  02819 as a22005177a 4500
=001  014167697
=003  Uk
=005  20210901145334.0
=008  890209c19819999bn\\x\\\\\\\\\0\\\c0srpod
=022  \\$a0351-4552$y2566-3534
=040  \\$aUk$beng$cUk$erda
=042  \\$aukblsr
=130  0\$aHercegovina (Mostar, Bosnia and Hercegovina)
=245  10$aHercegovina :$bčasopis za kulturno i historijsko naslijeđe.
=246  1\$iBroj.18 (10) (2004)-Broj. 25 (2011) entitled:$aHercegovina : godišnjak za kulturno i povijesno naslijeđe.
=264  \1$aMostar :$bArhiv Hercegovine Mostar :$bMuzej Hercefovine Mostar
=264  31$aMostar :$bArhiv Hercegovine :$bMuzej Hercegovine :$bFakultet humanističkih nauka Univerziteta "Džemal Bijedić"
=300  \\$av. ;$c24 cm.
=310  \\$aIrregular
=336  \\$atext$2rdacontent
=337  \\$aunmediated$2rdamedia
=338  \\$avolume$2rdacarrier
=362  1\$aBegan in 1981.
=515  \\$aPublication suspended 1990-1997 during the war and resumed from 1998-2003. Following a gap of 15 years, publication resumed in 2018.
=546  \\$aIn Serbo-Croatian$b(Cyrillic).
=588  \\$aDescription based on: 11/12 (2000).
=588  \\$aLatest issue consulted:
=651  \0$aHercegovina (Bosnia and Hercegovina)$xHistory$vPeriodicals.
=710  2\$aArhiv Hercegovine Mostar.
=710  2\$aMuzej Hercegovine Mostar.
=852  41$aBritish Library$bHMNTS$jZF.9.a.6064$3Vol. 11/12, (2000)-v. 25, (2011)
=985  \\$aThe ISSN records created by the Bosnian-Hercegovian Centre are confusing. New numbers have been assigned and date qualifiers given despite it looking like, at best, publisher changes have happened. A publication called "Hercegovina" began in 1981 and was suspended in 1990 for the duration of the Yugoslav wars up until 1997 (according to the text in vol. 11/12 2000) So I have recalled the stock and amended the record that was derived by a London curator c.2008 to treat have the record reflect the volumes possessed by the BL. [ISSN portal has ISSN assignments: Hercegovina ISSN 0351-4552; Hercegovina (1995) ISSN 2566-3488; Hercegovina (1998) ISSN 2566-3534; Hercegovina (Filozofski fakultet Sveucilista u Mostaru) ISSN 2566-3429)] ED 1/9/21
=CAT  \\$aBATCH-BASA$b00$c20071019$lBLL01$h1744
=CAT  \\$aBATCH$b00$c20071019$lBLL01$h1745
=CAT  \\$aBATCH$b00$c20071022$lBLL01$h1022
=CAT  \\$aBATCH$b00$c20071022$lBLL01$h1030
=CAT  \\$a10039$b40$c20080123$lBLL01$h0932
=CAT  \\$a10039$b40$c20080123$lBLL01$h1016
=CAT  \\$a10039$b40$c20080123$lBLL01$h1021
=CAT  \\$a10039$b40$c20110815$lBLL01$h1111
=CAT  \\$aW1810-0931$c20181016$lBLL01$h1743
=CAT  \\$a8483$b40$c20210901$lBLL01$h1453
=FIN  \\$aY$d20080123
=FMT  \\$a  SE
=LAS  \\$a8483$b40$c20210901$lBLL01$h1453
=TCO  \\$aXXX$c008

