=LDR  02095cai a2200589 a 4500
=001  014200894
=003  Uk
=005  20220328120401.0
=007  td
=008  071024d199u2016enkfr\l\\f\\\\0\\\a0eng\\
=015  \\$aGBA787215$2bnb
=020  \\$a9781899691012 (loose-leaf : version 4.10) :$c£10.00
=020  \\$a1899691014 (loose-leaf : main vol.) :$c£20.00
=022  0\$a1755-8476
=040  \\$aUk$beng$cUk$dUk
=042  \\$aukblsr
=082  04$a343.420946$222
=222  \0$aHughes guide to traffic law
=245  00$aHughes guide to traffic law /$cby K. Mark Hughes.
=246  30$aGuide to traffic law
=250  \\$aSecond edition.
=260  \\$aLymington :$bHughes Guides
=300  \\$av. (loose-leaf) :$bill. ;$c16 x 22 cm.
=310  \\$aUpdated semiannually
=336  \\$atext$2rdacontent
=337  \\$aunmediated$2rdamedia
=338  \\$avolume$2rdacarrier
=362  1\$aBegan in 1996?
=490  1\$aHughes guides
=500  \\$aDescription based on: 2nd ed. updated to version 5.70 (March 2015).
=530  \\$aAlso issued via the Internet and on CD-ROM.
=650  \0$aTraffic regulations$zEngland$vHandbooks, manuals, etc.
=650  \0$aTraffic regulations$zWales$vHandbooks, manuals, etc.
=700  1\$aHughes, K. Mark.
=787  0\$tHughes guides$x1755-8476
=830  \0$aHughes guides.
=852  41$aBritish Library$bHMNTS$jZC.9.a.7872$3Main work (2007)- (Mar.2016)
=985  \\$aDO NOT MERGE WITH ISSN RECORD ON #013833257
=CAT  \\$a8323$b40$c20071024$lBLL01$h0955
=CAT  \\$a8323$b40$c20071024$lBLL01$h1015
=CAT  \\$a8323$b40$c20071024$lBLL01$h1104
=CAT  \\$a12179$b40$c20071024$lBLL01$h1349
=CAT  \\$aBATCH$b00$c20091217$lBLL01$h0510
=CAT  \\$aBATCH$b00$c20100103$lBLL01$h1302
=CAT  \\$a8124$b40$c20130425$lBLL01$h1356
=CAT  \\$a8124$b40$c20150527$lBLL01$h0847
=CAT  \\$a6490$b40$c20220328$lBLL01$h1204
=FIN  \\$aY$d20071024
=FMT  \\$a  SE
=LAS  \\$a6490$b40$c20220328$lBLL01$h1204
=LKR  \\$aPAR$b013833178$lBLL01$r787$mHughes guide to traffic law$nHughes guides
=TCO  \\$aCLA$bCLA$c008

