=LDR  02373caa a22005657a 4500
=001  014277227
=003  Uk
=005  20221231220100.0
=008  071107s2007\\\\gw\\\\\\\\\\\\100\0\ger\\
=040  \\$aUk$beng$cUk
=245  00$a16. Jahrestagung der Deutschen Dermatologichen Lasergesellschaft.
=260  \\$bOmniMed Verlagsgesellschaft,$c2007.
=300  \\$app. 376-377.
=336  \\$atext$2rdacontent
=337  \\$aunmediated$2rdamedia
=338  \\$avolume$2rdacarrier
=540  \\$aCurrent Copyright Fee: GBP25.00$c0$5Uk
=591  \\$aReport. Theme title: Advances in laser and aesthetic medicine - meet the experts.
=653  1\$aDermatologie
=653  1\$aLasermedizine
=710  2\$aDeutsche Dermatologiche Lasergesellschaft.
=852  41$aBritish Library$bDSC$j3554.974000$iJahrg. 13 Heft 5
=985  \\$aDerm -Hamburg-, ISSN 0949-7633 ; Jahrg 13 Heft 5 2007
=ACF  \\$aPrevious Copyright Fee: GBP12.30$c0$e01-jan-2014$fGBP12.30$g0$hA$5Uk
=ACF  \\$aPrevious Copyright Fee: GBP15.00$c0$e01-jan-2017$fGBP15.00$g0$hA$5Uk
=ACF  \\$aPrevious Copyright Fee: GBP20.00$c0$e01-jan-2020$fGBP20.00$g0$hA$5Uk
=CAT  \\$a7153$b40$c20071107$lBLL01$h0938
=CAT  \\$aBATCH-CLA$b00$c20130527$lBLL01$h0231
=CAT  \\$aBATCH-CLA$c20131220$lBLL01$h2052
=CAT  \\$aIPL-CLA$c20140101$lBLL01$h0040
=CAT  \\$aBATCH-CLA$b00$c20140102$lBLL01$h0319
=CAT  \\$aBATCH-CLA$b00$c20161222$lBLL01$h1820
=CAT  \\$aIPL-CLA$c20161230$lBLL01$h2248
=CAT  \\$aBATCH-CLA$b00$c20171222$lBLL01$h2145
=CAT  \\$aIPL-CLA$c20171231$lBLL01$h1724
=CAT  \\$aBATCH-CLA$b00$c20191219$lBLL01$h1744
=CAT  \\$aIPL-CLA$c20191231$lBLL01$h1957
=CAT  \\$aR2001-1524$c20200127$lBLL01$h2032
=CAT  \\$aBATCH-CLA$b00$c20200128$lBLL01$h0356
=CAT  \\$aBATCH-CLA$b00$c20201204$lBLL01$h1550
=CAT  \\$aIPL-CLA$c20201231$lBLL01$h2242
=CAT  \\$aBATCH-CLA$b00$c20221221$lBLL01$h1902
=CAT  \\$aIPL-CLA$c20221231$lBLL01$h2201
=CFI  0\$aCurrent Copyright Fee: GBP25.00$c0$e01-jan-2023$fGBP25.00$g0$hA$5Uk
=CFI  2\$aPrevious Copyright Fee: GBP22.50$c0$e01-jan-2021$fGBP22.50$g0$hA$5Uk
=CNF  \\$aDeutsche Dermatologiche Lasergesellschaft (Jahrestagung)$n(16.$d2007 Jun :$cKarlsruhe, Germany)
=FIN  \\$aY$d20071107
=FMT  \\$a  BK
=LAS  \\$aIPL-CLA$b00$c20221231$lBLL01$h2201
=TCO  \\$aDEU$bVG WORT$c008

