=LDR  03383cas a22007697a 4500
=001  014340050
=003  Uk
=005  20211231154411.0
=008  071113c20069999xxuqr\m\\\\\\\0\\\a0eng\\
=022  \\$y0891-8422
=040  \\$aUk$beng$cUk
=082  04$a617.585$222
=245  00$aClinics in podiatric medicine and surgery.
=260  \\$aPhiladelphia :$bSaunders,$c2006-
=336  \\$atext$2rdacontent
=337  \\$aunmediated$2rdamedia
=338  \\$avolume$2rdacarrier
=540  \\$aCurrent copyright fee: GBP34.30$c5\1$5Uk
=650  \0$aPodiatry$vPeriodicals.
=650  \0$aFoot$xSurgery$vPeriodicals.
=776  08$iAlso issued online as:$tClinics in podiatric medicine and surgery (Online)
=780  00$tClinics in podiatric medicine and surgery of North America
=852  41$aBritish Library$bDSC$j3286.590650$3v. 23, no. 4 (2006)-[2013]
=856  \\$31850-9999$uhttp://www.elsevier.com/journals$xBLDSS
=945  \\$aClinics in podiatric medicine and surgery -new series-
=959  \\$fHeld but not currently received
=985  \\$aCorrected by MS generated file for WR# 12.018
=985  \\$aLC & US ISSN treat this title as undergoing a minor title change from 2006-2008.
=ACF  \\$aPrevious copyright fee: GBP19.00$c5\9$e12-nov-2007$fGBP19.00$g0$hP$5Uk
=ACF  \\$aPrevious copyright fee: GBP20.00$c5\1$e01-jan-2009$fGBP20.00$g0$hP$5Uk
=ACF  \\$aPrevious copyright fee: GBP21.00$c5\1$e01-jan-2012$fGBP21.00$g0$hP$5Uk
=ACF  \\$aPrevious copyright fee: GBP22.50$c5\1$e01-jan-2013$fGBP22.50$g0$hP$5Uk
=ACF  \\$aPrevious copyright fee: GBP23.40$c5\1$e01-jan-2018$fGBP23.40$g0$hP$5Uk
=CAT  \\$a10775$b40$c20071113$lBLL01$h0823
=CAT  \\$a5552$b40$c20081107$lBLL01$h0932
=CAT  \\$aBATCH-UPD$b40$c20081119$lBLL01$h1613
=CAT  \\$aBATCH-UPD$b40$c20081231$lBLL01$h2326
=CAT  \\$aBATCH-UPD$b40$c20090101$lBLL01$h0056
=CAT  \\$aBATCH$b00$c20090101$lBLL01$h0232
=CAT  \\$a8411$b40$c20090226$lBLL01$h1727
=CAT  \\$aWR11_155$c20111021$lBLL01$h1331
=CAT  \\$aWR11_155$c20111114$lBLL01$h1648
=CAT  \\$aBATCH-UPD$b00$c20111123$lBLL01$h1853
=CAT  \\$aIPL-CLA$c20111230$lBLL01$h2029
=CAT  \\$aBLSS-CORR$b00$c20120724$lBLL01$h1800
=CAT  \\$aBATCH-CLA$b00$c20121109$lBLL01$h1723
=CAT  \\$aBATCH-UPD$b00$c20121121$lBLL01$h1659
=CAT  \\$aIPL-CLA$c20121231$lBLL01$h1324
=CAT  \\$aIPL-CLA$c20130102$lBLL01$h1754
=CAT  \\$aWR13_200$c20140112$lBLL01$h2235
=CAT  \\$a8483$b40$c20140520$lBLL01$h1228
=CAT  \\$aBLDSS-3PM$b00$c20141222$lBLL01$h1717
=CAT  \\$aBATCH-UPD$b00$c20171121$lBLL01$h1749
=CAT  \\$aBATCH-UPD$b00$c20171122$lBLL01$h0014
=CAT  \\$aIPL-CLA$c20171231$lBLL01$h1726
=CAT  \\$aBATCH-UPD$b00$c20190521$lBLL01$h1440
=CAT  \\$aIPL-CLA$c20190630$lBLL01$h1539
=CAT  \\$aBATCH-UPD$b00$c20211119$lBLL01$h1557
=CAT  \\$aIPL-CLA$c20211231$lBLL01$h1544
=CFI  0\$aCurrent copyright fee: GBP34.30$c5\1$e01-jan-2022$fGBP34.30$g0$hP$5Uk
=CFI  2\$aPrevious copyright fee: GBP32.84$c5\1$e01-jul-2019$fGBP32.84$g0$hP$5Uk
=FFP  \\$aY$bBLDSS-3PM
=FMT  \\$a  SE
=LAS  \\$aIPL-CLA$b00$c20211231$lBLL01$h1544
=LKR  \\$aPAR$b013021814$lBLL01$r78000$mClinics in podiatric medicine and surgery.$nClinics in podiatric medicine and surgery of North America.
=TCO  \\$aTRS$bCCC$c008
=TOC  \\$aETOC

