=LDR  02376 ai a2200613 a 4500
=001  014457124
=003  Uk
=005  20140212104827.0
=007  td
=008  071126d1975200uenk\x\l\\\\\\\0\\\a2eng\\
=016  \\$a014457124
=019  0\$as160655005
=022  0\$a0267-2995
=040  \\$aUk$beng$cUk
=042  \\$aukblsr
=082  04$a624.1840941$222
=084  \\$aWM 86$2blsrissc
=222  \0$aTRADA wood information
=245  00$aWood information /$cTRADA Technology.
=246  13$aTRADA wood information
=260  \\$aHigh Wycombe :$bTimber Research and Development Association,$c1975-
=260  3\$aHigh Wycombe :$bTrada Technology.
=300  \\$av. (loose-leaf) :$bill., ;$c30-32 cm.
=310  \\$aUpdated irregularly
=336  \\$atext$2rdacontent
=337  \\$aunmediated$2rdamedia
=338  \\$avolume$2rdacarrier
=500  \\$aDescription based on: section 2/3 sheet 58, June 2007.
=580  \\$aSheets subsequently issued online only.
=650  \0$aTimber$zGreat Britain$vHandbooks, manuals, etc.
=710  2\$aTRADA Technology.
=710  2\$aTimber Research and Development Association.
=785  10$tWood information (Online)$x2047-2714
=852  71$aBritish Library$bSTI$k(B)$hWM 86$2blsrissc
=852  41$aBritish Library$bHMNTS$jZK.9.b.26021$32005-Section 4, sheet 11 (Feb. 2009)
=985  \\$aRecord created incorporating many separate mono records. Item consists of separate sheets, decision to treat as integrating resource December 2007. DO NOT MERGE WITH ISSN RECORD - (SUCCESSIVE ENTRY. Key title recorded differently including TRADA- no change, decision Dec. 2007).
=CAT  \\$a8128$b40$c20071126$lBLL01$h1546
=CAT  \\$a8128$b40$c20071126$lBLL01$h1637
=CAT  \\$a8128$b40$c20071127$lBLL01$h1330
=CAT  \\$a8128$b40$c20080418$lBLL01$h1636
=CAT  \\$a8128$b40$c20080521$lBLL01$h1531
=CAT  \\$a5997$b40$c20110629$lBLL01$h1452
=CAT  \\$a5997$b40$c20110630$lBLL01$h1233
=CAT  \\$a5997$b40$c20110630$lBLL01$h1237
=CAT  \\$a8456$b40$c20140212$lBLL01$h1048
=CAT  \\$aWR16_021$c20160618$lBLL01$h1820
=CAT  \\$aBATCH-016$c20160905$lBLL01$h1713
=FIN  \\$aY$d20071127
=FMT  \\$a  SE
=LAS  \\$aBATCH-016$b00$c20160905$lBLL01$h1713
=LEO  \\$aMP25.0000061783
=SRC  \\$aDSS03$bbibsr.200404.2.aa
=SRC  \\$aSRI01$bbibmp25.200404.2.aa
=TCO  \\$aCLA$bCLA$c008

