=LDR  03890 as a22008297a 4500
=001  014457402
=003  Uk
=005  20160720124533.0
=008  071127d20072013si\\x\m\\\\\\\0\\\a0eng\\
=022  0\$a1793-4184
=040  \\$aUk$beng$cUk$dUk
=245  00$aWorld Scientific series on energy and resource economics.
=260  \\$aSingapore ; London :$bWorld Scientific,$c2007-2013.
=336  \\$atext$2rdacontent
=337  \\$aunmediated$2rdamedia
=338  \\$avolume$2rdacarrier
=362  0\$aVol. 1-vol. 11.
=540  \\$aCurrent copyright fee: GBP35.00$c28\0$5Uk
=785  00$aWorld scientific series on energy and resource economics$t2345-7503
=785  00$tWorld Scientific series on environmental and energy economics and policy$x2345-7503
=852  41$aBritish Library$bDSC$j9360.006650$3v. 1 (2007), v. 3 (2007)-v.8 2013); v.10 (2013)-v.11 (2013)
=856  \\$31850-9999$uhttp://www.worldscientific.com/$xBLDSS
=945  \\$aWorld Scientific series on energy and resource economics
=959  \\$fHeld but not currently received
=985  \\$aISSN UK note: scans sent to ISSN Singapore for completion of ISSN 1793-4184 and confirmation of Key Title (Richard (Leeds), 01/10/15)
=ACF  \\$aPrevious copyright fee: GBP18.75$c28\0$e01-jul-2011$fGBP18.75$g0$hP$5Uk
=ACF  \\$aPrevious copyright fee: GBP16.13$c28\0$e01-jul-2010$fGBP16.13$g0$hP$5Uk
=ACF  \\$aPrevious copyright fee: GBP15.15$c28\0$e01-oct-2009$fGBP15.15$g0$hP$5Uk
=ACF  \\$aPrevious copyright fee: GBP17.86$c28\0$e01-apr-2009$fGBP17.86$g0$hP$5Uk
=ACF  \\$aPrevious copyright fee: GBP15.63$c28\0$e01-jan-2009$fGBP15.63$g0$hP$5Uk
=ACF  \\$aPrevious Copyright Fee: GBP12.50$c28\0$e27-nov-2007$fGBP12.50$g0$hP$5Uk
=ACF  \\$aPrevious copyright fee: GBP19.35$c28\0$e01-jan-2012$fGBP19.35$g0$hP$5Uk
=ACF  \\$aPrevious copyright fee: GBP18.18$c28\0$e01-jul-2012$fGBP18.18$g0$hP$5Uk
=ACF  \\$aPrevious copyright fee: GBP19.35$c28\0$e01-jul-2013$fGBP19.35$g0$hP$5Uk
=ACF  \\$aPrevious copyright fee: GBP18.75$c28\0$e01-jan-2013$fGBP18.75$g0$hP$5Uk
=ACF  \\$aPrevious copyright fee: GBP20.00$c28\0$e26-jul-2013$fGBP20.00$g0$hP$5Uk
=ACF  \\$aPrevious copyright fee: GBP25.00$c28\0$e01-oct-2016$fGBP25.00$g0$hP$5Uk
=CAT  \\$a6738$b40$c20071127$lBLL01$h0833
=CAT  \\$aBATCH-UPD$b40$c20110518$lBLL01$h0949
=CAT  \\$a5552$b40$c20110613$lBLL01$h1056
=CAT  \\$aIPL-CLA$c20110630$lBLL01$h1548
=CAT  \\$aBATCH-UPD$b00$c20111123$lBLL01$h1844
=CAT  \\$aIPL-CLA$c20111230$lBLL01$h2029
=CAT  \\$aBATCH-UPD$b00$c20120518$lBLL01$h1720
=CAT  \\$aIPL-CLA$c20120629$lBLL01$h1038
=CAT  \\$aBATCH-CLA$b00$c20121109$lBLL01$h1723
=CAT  \\$aBATCH-UPD$b00$c20121121$lBLL01$h1633
=CAT  \\$aIPL-CLA$c20121231$lBLL01$h1324
=CAT  \\$aIPL-CLA$c20130102$lBLL01$h1754
=CAT  \\$aBATCH-UPD$b00$c20130522$lBLL01$h1736
=CAT  \\$aIPL-CLA$c20130701$lBLL01$h0117
=CAT  \\$a5552$b40$c20130726$lBLL01$h1218
=CAT  \\$aBLDSS-3PM$b00$c20141208$lBLL01$h1626
=CAT  \\$a10806$b40$c20151001$lBLL01$h0841
=CAT  \\$a10806$b40$c20151001$lBLL01$h0843
=CAT  \\$a8411$b40$c20151001$lBLL01$h1438
=CAT  \\$a8411$b40$c20151001$lBLL01$h1449
=CAT  \\$a5552$b40$c20160720$lBLL01$h1245
=CAT  \\$aIPL-CLA$c20160930$lBLL01$h1618
=CAT  \\$aBATCH-UPD$b00$c20170315$lBLL01$h1206
=CAT  \\$aIPL-CLA$c20170315$lBLL01$h1248
=CAT  \\$aBATCH-UPD$b00$c20180524$lBLL01$h1737
=CAT  \\$aIPL-CLA$c20180630$lBLL01$h1924
=CFI  0\$aCurrent copyright fee: GBP35.00$c28\0$e01-jul-2018$fGBP35.00$g0$hP$5Uk
=CFI  2\$aPrevious copyright fee: GBP30.00$c28\0$e15-mar-2017$fGBP30.00$g0$hP$5Uk
=FFP  \\$aY$bBLDSS-3PM
=FIN  \\$aY$d20151001
=FMT  \\$a  SE
=LAS  \\$aIPL-CLA$b00$c20180630$lBLL01$h1924
=MIS  \\$aSO
=TCO  \\$aSGP$bCLASS$c008
=TOC  \\$aETOC

