=LDR  04850cas a2201069 a 4500
=001  014483861
=003  Uk
=005  20221231144901.0
=007  ta
=008  070301c20079999pauqr\p\\\\\\\0\\\a0eng\\
=010  \\$a2007214259
=022  0\$a1936-1610
=040  \\$aUk$beng$cUk$dUk
=042  \\$aukblsr
=082  04$a365.34$222
=222  \0$aJournal of applied security research
=245  00$aJournal of applied security research :$bprevention and response in asset protection, terrorism and violence.
=260  \\$aNew York, N.Y. :$bHaworth Press,$c2007-
=260  3\$aPhiladelphia :$bTaylor & Francis
=300  \\$av. :$bill., ports. ;$c22-26 cm.
=310  \\$aQuarterly
=336  \\$atext$2rdacontent
=337  \\$aunmediated$2rdamedia
=338  \\$avolume$2rdacarrier
=362  0\$aVol. 3, no. 1 (2007)-
=530  \\$aAlso issued electronically.
=540  \\$aCurrent copyright fee: GBP37.00$c2\0$5Uk
=588  \\$aLatest issue consulted: Vol. 6, no. 1 (Jan.-Mar. 2011).
=650  \0$aInternal security$vPeriodicals.
=650  \0$aPolice, Private$xTraining of$vPeriodicals.
=650  \0$aPolice training$vPeriodicals.
=650  \0$aPrivate security services$vPeriodicals.
=690  7\$aSocial Welfare$2blcoll
=776  08$iAlso issued online as:$tJournal of applied security research (Online)$x1936-1629
=780  00$tJournal of security education$x1550-7890
=852  41$aBritish Library$bDSC$j4947.076300$3Vol. 3, no. 1 (2007)-v. 6, no. 4 (2011)
=856  \\$31850-9999$uhttp://www.tandfonline.com/$xBLDSS
=945  \\$aJournal of applied security research
=959  \\$fHeld but not currently received
=985  \\$aCorrected by MS generated file for WR# 12.018
=985  \\$aUS ISSN record exists
=ACF  \\$aPrevious Copyright Fee: GBP22.26$c0$e01-jan-2011$fGBP22.26$g0$hC$5Uk
=ACF  \\$aPrevious copyright fee: GBP9.00$c0$e01-apr-2010$fGBP9.00$g0$hA$5Uk
=ACF  \\$aPrevious copyright fee: GBP6.00$c0$e01-apr-2008$fGBP6.00$g0$hA$5Uk
=ACF  \\$aPrevious Copyright Fee: GBP5.00$c0$e21-feb-2008$fGBP5.00$g0$hA$5Uk
=ACF  \\$aPrevious copyright fee: GBP21.00$c2\0$e06-may-2011$fGBP21.00$g0$hP$5Uk
=ACF  \\$aPrevious copyright fee: GBP23.00$c2\0$e01-jan-2012$fGBP23.00$g0$hP$5Uk
=ACF  \\$aPrevious copyright fee: GBP23.50$c2\0$e01-jan-2013$fGBP23.50$g0$hP$5Uk
=ACF  \\$aPrevious copyright fee: GBP24.00$c2\0$e01-jan-2014$fGBP24.00$g0$hP$5Uk
=ACF  \\$aPrevious copyright fee: GBP25.00$c2\0$e01-jan-2015$fGBP25.00$g0$hP$5Uk
=ACF  \\$aPrevious copyright fee: GBP26.00$c2\0$e01-jan-2016$fGBP26.00$g0$hP$5Uk
=ACF  \\$aPrevious copyright fee: GBP28.00$c2\0$e01-jan-2017$fGBP28.00$g0$hP$5Uk
=ACF  \\$aPrevious copyright fee: GBP30.00$c2\0$e01-jan-2018$fGBP30.00$g0$hP$5Uk
=ACF  \\$aPrevious copyright fee: GBP32.00$c2\0$e01-jan-2019$fGBP32.00$g0$hP$5Uk
=ACF  \\$aPrevious copyright fee: GBP34.00$c2\0$e01-jan-2020$fGBP34.00$g0$hP$5Uk
=CAT  \\$a8180$b40$c20080104$lBLL01$h1047
=CAT  \\$aIPL-CLA$c20121231$lBLL01$h1324
=CAT  \\$aIPL-CLA$c20130102$lBLL01$h1755
=CAT  \\$aBATCH-UPD$b00$c20131119$lBLL01$h2001
=CAT  \\$aIPL-CLA$c20140101$lBLL01$h0047
=CAT  \\$aBATCH-CLA$b00$c20140125$lBLL01$h1323
=CAT  \\$aBATCH-CLA$c20140225$lBLL01$h2332
=CAT  \\$aBATCH-UPD$b00$c20141124$lBLL01$h1804
=CAT  \\$aBLDSS-3PM$b00$c20141130$lBLL01$h1249
=CAT  \\$aIPL-CLA$c20141231$lBLL01$h1658
=CAT  \\$aBATCH-UPD$b00$c20151119$lBLL01$h1544
=CAT  \\$aIPL-CLA$c20151231$lBLL01$h1928
=CAT  \\$a8124$b40$c20160210$lBLL01$h1456
=CAT  \\$aBATCH-UPD$b40$c20161122$lBLL01$h1513
=CAT  \\$aBATCH-UPD$b40$c20161122$lBLL01$h1620
=CAT  \\$aIPL-CLA$c20161230$lBLL01$h2258
=CAT  \\$aBATCH-UPD$b00$c20171121$lBLL01$h1648
=CAT  \\$aIPL-CLA$c20171231$lBLL01$h1730
=CAT  \\$aBATCH-UPD$b00$c20181217$lBLL01$h1639
=CAT  \\$aIPL-CLA$c20181231$lBLL01$h1547
=CAT  \\$aBATCH-UPD$b00$c20191122$lBLL01$h1901
=CAT  \\$aIPL-CLA$c20191231$lBLL01$h2002
=CAT  \\$aBATCH-UPD$b00$c20201118$lBLL01$h1335
=CAT  \\$aIPL-CLA$c20201231$lBLL01$h1530
=CAT  \\$aBATCH-UPD$b00$c20221121$lBLL01$h1348
=CAT  \\$aIPL-CLA$c20221231$lBLL01$h1449
=CFI  0\$aCurrent copyright fee: GBP37.00$c2\0$e01-jan-2023$fGBP37.00$g0$hP$5Uk
=CFI  2\$aPrevious copyright fee: GBP35.00$c2\0$e01-jan-2021$fGBP35.00$g0$hP$5Uk
=FFP  \\$aY$bBLDSS-3PM
=FIN  \\$aY$d20080220
=FMT  \\$a  SE
=LAS  \\$aIPL-CLA$b00$c20221231$lBLL01$h1449
=LET  \0$aJournal of applied security research (Print)
=LKR  \\$aPAR$b013363848$lBLL01$r78000$mJournal of applied security research : prevention and response in asset protection, terrorism and violence.$nJournal of security education
=SID  \\$aZ39$bLOC
=TCO  \\$aTRS$bCCC$c008
=TOC  \\$aETOC

