=LDR  02009 as a22004577a 4500
=001  014483881
=003  Uk
=005  20110525123245.0
=007  ta
=008  080104d20042008fr\ar\\\\s\\\o0\\\a0eng\\
=040  \\$aUk$beng$cUk
=041  0\$aeng$afre
=245  00$aNational accounts of OECD countries.$nVolume IIIb,$pFinancial balance sheets, stocks =$bComptes nationaux des pays de l'OCDE.$nVolume IIIb,$pComptes de patrimoine financier, stocks.
=246  30$aFinancial balance sheets, stocks
=246  30$aComptes de patrimoine financier, stocks
=246  31$aComptes nationaux des pays de l'OCDE.$nVolume IIIb,$pComptes de patrimoine financier, stocks
=260  \\$aParis, France :$bOrganisation for Economic Co-operation and Development,$c2004-
=300  \\$av. ;$c28 cm.
=310  \\$aAnnual
=336  \\$atext$2rdacontent
=337  \\$aunmediated$2rdamedia
=338  \\$avolume$2rdacarrier
=362  0\$a1991/2002 (2004)-1997/2008 (2009).
=490  1\$aStatistics =$aStatistiques
=546  \\$aText in parallel English and French.
=588  \\$aLatest issue consulted: 1997/2008 (2009).
=650  \0$aFinancial statements$zOECD countries$vStatistics$vPeriodicals.
=650  \0$aFinance, Public$zOECD countries$vStatistics$vPeriodicals.
=710  2\$aOrganisation for Economic Co-operation and Development.
=785  01$tNational accounts of OECD countries. Financial balance sheets
=830  \0$aStatistics (Organisation for Economic Co-operation and Development)
=852  41$aBritish Library$bHMNTS$jUNP.107/62$3Issue 1991-2002 (2004)
=985  \\$aAccording to ISSN portal, this title splits into "National accounts of OECD countries. Financial balance sheets, and: National
=CAT  \\$a11315$b40$c20080104$lBLL01$h1057
=CAT  \\$a11315$b40$c20080104$lBLL01$h1140
=CAT  \\$a8871$b40$c20110510$lBLL01$h1637
=CAT  \\$a8483$b40$c20110525$lBLL01$h1232
=FIN  \\$aY$d20080104
=FMT  \\$a  SE
=LAS  \\$a8483$b40$c20110525$lBLL01$h1232
=TCO  \\$aFRA$bCFC$c008

