=LDR  04058cas a2200949 a 4500
=001  014495271
=003  Uk
=005  20221231144902.0
=007  ta
=008  080117c20079999ja\mr\p\\\\\\\0\\\d0jpn\\
=022  0\$a1881-6096
=040  \\$aUk$beng$cUk
=041  0\$ajpn$beng
=042  \\$aukblsr
=082  04$a616.8005$222
=130  0\$aShinkei kenkyu no shinpo (2007)
=210  0\$aBrain nerve$b(Toukyou. 2007)
=222  \0$aBrain and nerve$b(Toukyou. 2007)
=245  10$aShinkei kenkyu no shinpo =$bBrain and nerve.
=246  13$aShinkei kenkyuu no shimpo
=246  31$aBrain and nerve
=260  \\$aTokyo :$bIgaku Shoin,$c2007-
=300  \\$av. :$bill. (some col.) ;$c28 cm.
=310  \\$aMonthly
=336  \\$atext$2rdacontent
=337  \\$aunmediated$2rdamedia
=338  \\$avolume$2rdacarrier
=362  0\$aVol. 59, no. 1 (jan. 2007)-
=515  \\$aNumbering follows on from: No to shinkei = Brain and nerve 0006-8969.
=540  \\$aCurrent Copyright Fee: GBP25.00$c0$5Uk
=546  \\$aIn Japanese with abstracts and additional contents page in English.
=650  \0$aNeurology$vPeriodicals.
=780  04$tNo to shinkei$x0006-8969
=780  04$tShinkei kenkyu no shinpo$x0001-8724
=852  41$aBritish Library$bDSC$j8256.797000$3Vol. 59, no. 1 (Jan. 2007)-
=945  \\$aShinkei kenkyu no shinpo
=959  \\$fCurrently received
=985  \\$aISSN uses Shinkei kenkyuu no shimpo in parallel title. Merger of two titles, taking the Japanese title from one and the English title from the other
=985  \\$aCONFERENCE ANALYTIC RECORDS EXIST
=ACF  \\$aPrevious copyright fee: GBP9.00$c0$e01-apr-2010$fGBP9.00$g0$hA$5Uk
=ACF  \\$aPrevious Copyright Fee: GBP6.00$c0$e11-apr-2008$fGBP6.00$g0$hA$5Uk
=ACF  \\$aPrevious copyright fee: GBP10.50$c0$e01-jan-2011$fGBP10.50$g0$hA$5Uk
=ACF  \\$aPrevious copyright fee: GBP12.00$c0$e01-jan-2012$fGBP12.00$g0$hA$5Uk
=ACF  \\$aPrevious Copyright Fee: GBP12.30$c0$e01-jan-2014$fGBP12.30$g0$hA$5Uk
=ACF  \\$aPrevious Copyright Fee: GBP15.00$c0$e01-jan-2017$fGBP15.00$g0$hA$5Uk
=ACF  \\$aPrevious Copyright Fee: GBP17.50$c0$e01-jan-2018$fGBP17.50$g0$hA$5Uk
=ACF  \\$aPrevious Copyright Fee: GBP20.00$c0$e01-jan-2020$fGBP20.00$g0$hA$5Uk
=CAT  \\$a8124$b40$c20080117$lBLL01$h0856
=CAT  \\$aBATCH-UPD$b40$c20100226$lBLL01$h0154
=CAT  \\$aBATCH-UPD$b40$c20100331$lBLL01$h2347
=CAT  \\$aBATCH-UPD$b40$c20100401$lBLL01$h0302
=CAT  \\$aBATCH$b00$c20100401$lBLL01$h0605
=CAT  \\$aBATCH$b00$c20100401$lBLL01$h1638
=CAT  \\$aBATCH-UPD$b00$c20101124$lBLL01$h1951
=CAT  \\$aBATCH-UPD$b00$c20101125$lBLL01$h1217
=CAT  \\$aIPL-CLA$c20101231$lBLL01$h1524
=CAT  \\$aWR11_203$c20111204$lBLL01$h1513
=CAT  \\$aIPL-CLA$c20111230$lBLL01$h2030
=CAT  \\$aBATCH-CLA$b00$c20121109$lBLL01$h1723
=CAT  \\$a6162$b40$c20131112$lBLL01$h1152
=CAT  \\$aBATCH-CLA$c20131220$lBLL01$h2056
=CAT  \\$aIPL-CLA$c20140101$lBLL01$h0048
=CAT  \\$aBATCH-CLA$b00$c20161222$lBLL01$h1822
=CAT  \\$aIPL-CLA$c20161230$lBLL01$h2259
=CAT  \\$aBATCH-CLA$b00$c20171222$lBLL01$h2148
=CAT  \\$aIPL-CLA$c20171231$lBLL01$h1730
=CAT  \\$aBATCH-CLA$b00$c20191219$lBLL01$h1745
=CAT  \\$aIPL-CLA$c20191231$lBLL01$h2002
=CAT  \\$aR2001-1524$c20200127$lBLL01$h2036
=CAT  \\$aBATCH-CLA$b00$c20201204$lBLL01$h1553
=CAT  \\$aIPL-CLA$c20201231$lBLL01$h1530
=CAT  \\$aBATCH-CLA$b00$c20221221$lBLL01$h1906
=CAT  \\$aIPL-CLA$c20221231$lBLL01$h1449
=CFI  0\$aCurrent Copyright Fee: GBP25.00$c0$e01-jan-2023$fGBP25.00$g0$hA$5Uk
=CFI  2\$aPrevious Copyright Fee: GBP22.50$c0$e01-jan-2021$fGBP22.50$g0$hA$5Uk
=FIN  \\$aY$d20080117
=FMT  \\$a  SE
=LAS  \\$aIPL-CLA$b00$c20221231$lBLL01$h1449
=LKR  \\$aPAR$b009188020$lBLL01$r78004$mBrain and nerve (Toukyou. 2007)$nShinkei Kenkyu No Shimpo
=LKR  \\$aPAR$b011107600$lBLL01$r78004$mBrain and nerve (Toukyou. 2007)$nNo To Shinkei
=TCO  \\$aJPN$bJAACC$c008
=TOC  \\$aETOC

