=LDR  02280aas a2200649 a 4500
=001  014497865
=003  Uk
=005  20111003112450.0
=007  hd\afa015bacu
=008  960311c19599999enkwr\nea\\\\\0\\\a0eng\\
=022  1\$a1362-5594
=040  \\$aUk$beng$cUk$dUk
=042  \\$aukblsr
=082  04$a072.296$222
=222  \0$aAscot news
=245  00$aAscot news$h[microform].
=246  17$aNews
=260  \\$aReading :$bReading Newspaper Co.
=260  2\$aBracknell :$bBerkshire Regional Newspapers
=260  3\$aReading :$bBerkshire Media Group
=300  \\$av. :$bcol. ill, col. ports. ;$c36 cm.
=310  \\$aWeekly
=336  \\$atext$2rdacontent
=337  \\$amicroform$2rdamedia
=338  \\$amicrofilm reel$2rdacarrier
=362  1\$aBegan in 1959.
=500  \\$aDescription based on: No. 2509 (Oct. 26, 2006).
=500  \\$aLatest issue consulted: Dec. 13, 2007.
=525  \\$aIncludes supplements: Business review, and: Property weekly.
=533  \\$aMicrofilm.$bLondon :$cBritish Library,$d2009-$e35mm.
=580  \\$aAt top of masthead: Bracknell news.
=651  \0$aAscot (England)$vNewspapers.
=651  \0$aBerkshire (England)$vNewspapers.
=752  \\$aEngland$bBerkshire$dAscot.$2blnpn
=787  1\$tBracknell news
=852  41$32006$aBritish Library$bHMNTS$zMicroform.$jMFM.SP2836
=866  \\$aNewspapers :No. 2509 (Oct. 26, 2006)-
=985  \\$aISSN record says began in 1959, but no trace of title in Newspaper Library records.
=985  \\$aCatalogued from microfilm and print.
=CAT  \\$a8128$b40$c20080121$lBLL01$h1158
=CAT  \\$a8128$b40$c20080124$lBLL01$h1559
=CAT  \\$a8128$b40$c20080124$lBLL01$h1600
=CAT  \\$a8128$b40$c20080201$lBLL01$h1455
=CAT  \\$a8128$b40$c20080201$lBLL01$h1456
=CAT  \\$a8128$b40$c20080401$lBLL01$h1330
=CAT  \\$a8323$b40$c20090827$lBLL01$h1010
=CAT  \\$a8323$b40$c20090827$lBLL01$h1104
=CAT  \\$aNPL-008-N$c20110504$lBLL01$h2228
=CAT  \\$aADD-NID$b00$c20110805$lBLL01$h1430
=CAT  \\$a8323$b40$c20111003$lBLL01$h1124
=CAT  \\$aNPL-LOCK$b77$c20140207$lBLL01$h2217
=CAT  \\$c20140214$lBLL01$h1747
=FIN  \\$aY$d20080121
=FMT  \\$a  SE
=LAS  \\$c20140214$lBLL01$h1747
=NID  \\$aNID0000547
=TCO  \\$aCLA$bCLA$c008

