=LDR  03382 as a2200613 a 4500
=001  014532254
=003  Uk
=005  20080501161614.0
=007  ta
=008  050907c20049999onc\x\\\\\\\\f0\\\a0eng\\
=010  \\$acn2006700080
=022  0\$a1717-8169$24
=035  \\$a(OCoLC)62772842
=040  \\$aNLC$beng$cNLC$dUk
=042  \\$aukblsr
=043  \\$an-cn---
=055  02$aKE4582*
=055  06$aCOP.C.XC59
=082  0\$a342.710550262$222
=110  1\$aCanada.$bParliament.$bHouse of Commons.$bSubcommittee on the Disclosure Statement under the Conflict of Interest Code for Members of the House of Commons.
=222  \0$aMinutes of proceedings$b(Canada. Parliament. House of Commons. Subcommittee on the Disclosure Statement under the Conflict of Interest Code for Members of the House of Commons. Print)
=245  10$aMinutes of proceedings /$cSub-Committee on the Disclosure Statement under the Confli[c]t of Interest Code for Members of the House of Commons of the Standing Committee on Procedure and House Affairs.
=260  \\$a[Ottawa] :$bHouse of Commons of Canada,$c[2004]-
=300  \\$av. ;$c28 cm.
=310  \\$aIrregular
=336  \\$atext$2rdacontent
=337  \\$aunmediated$2rdamedia
=338  \\$avolume$2rdacarrier
=362  0\$a38th Parliament, 1st session, meeting no. 1 (Oct. 18, 2004)-
=500  \\$aDistributed by the Government of Canada Depository Services Program.
=500  \\$aTitle from cover.
=515  \\$aNumbering begins each session with meeting no. 1.
=530  \\$aIssued also online.
=550  \\$a2006- Issuing body expressed as: "Subcommittee on disclosure forms under the conflict of interest code for members of the House of Commons".
=610  10$aCanada.$bParliament$xEthics$vPeriodicals.
=610  10$aCanada.$bParliament$xRules and practice$vPeriodicals.
=650  \0$aConflict of interests$zCanada$vPeriodicals.
=650  \0$aLegislators$xLegal status, laws, etc.$zCanada$vPeriodicals.
=775  0\$aCanada. Parliament. House of Commons. Subcommittee on the Disclosure Statement under the Conflict of Interest Code for Members of the House of Commons.$tProcès-verbal$x1717-8177
=776  0\$aCanada. Parliament. House of Commons. Subcommittee on the Disclosure Statement under the Conflict of Interest Code for Members of the House of Commons.$sMinutes of proceedings (Online)$tMinutes of proceedings.$x1717-8185$d[Ottawa] : House of Commons of Canada, [2004]-
=852  \\$aBritish Library$bHMNTS$jOPF.9.x.230$3Parliament 38, Session 1, Meeting 4 (2004)-parliament 39, session 1, meeting 11 (May 2007)
=985  \\$aCanadians consider the change of the Subcommittee name in 2006 to consistute a major change and have carried out a change of title (plus new ISSN) on their Catalogue. BL / NACO regard the changes in the name as variants and so this title change is not relected on the BL catalogue. ED 1/5/08
=CAT  \\$a8496$b40$c20080227$lBLL01$h1112
=CAT  \\$a8496$b40$c20080227$lBLL01$h1113
=CAT  \\$a5997$b40$c20080325$lBLL01$h1056
=CAT  \\$a8483$b40$c20080425$lBLL01$h0910
=CAT  \\$a8483$b40$c20080501$lBLL01$h1612
=CAT  \\$a8483$b40$c20080501$lBLL01$h1616
=CAT  \\$aBATCH-UPD$b40$c20151104$lBLL01$h1858
=FIN  \\$aY$d20080325
=FMT  \\$a  SE
=LAS  \\$aBATCH-UPD$b40$c20151104$lBLL01$h1858
=SID  \\$aZ39$bOCLC
=TCO  \\$aCAN$bAccess$c008

