=LDR  04964cas a2201093 a 4500
=001  014535230
=003  Uk
=005  20230930080920.0
=006  m\\\\\\\\d\\\\\\\\
=007  cr\|||||||||||
=008  080303c20039999enkmr\p\s\\\\\0\\\a0eng\\
=015  \\$aGBA826113$2bnb
=022  0\$a1744-8336$y1478-7210
=037  \\$aISSN_14787210$bPortico$nInforma Healthcare
=037  3\$aISSN_14787210_21$bPortico$nTaylor & Francis
=040  \\$aUk$beng$cUk
=042  \\$aukblsr
=082  04$a616.90461$222
=130  0\$aExpert review of anti-infective therapy (Online)
=222  \0$aExpert review of anti-infective therapy$b(Online)
=245  10$aExpert review of anti-infective therapy$h[electronic resource].
=260  \\$aLondon :$bFuture Drugs,$c[2003]-
=260  2\$aLondon :$bInforma Healthcare
=264  31$a[Abingdon] :$bInforma UK Limited, trading as Taylor & Francis Group
=310  \\$aMonthly,$b2010-
=321  \\$aTen issues yearly,$b2009
=321  \\$aBimonthly,$bJune 2003-2008
=336  \\$atext$2rdacontent
=337  \\$acomputer$2rdamedia
=338  \\$aonline resource$2rdacarrier
=362  0\$aPrint began in 2003.
=500  \\$aDescription based on journal information screen on publisher's web site (viewed on 5 Mar., 2008).
=538  \\$aMode of access: World Wide Web.
=540  \\$aCurrent copyright fee: GBP73.00$c2\0$5Uk
=588  \\$aLatest issue consulted: volume 14, issue 12 (2016); Taylor & Francis Online, viewed November 15, 2016.
=650  \0$aAnti-infective agents$xResearch$vPeriodicals.
=776  08$iAlso issued in print as:$tExpert review of anti-infective therapy$x1478-7210
=852  41$aBritish Library$bDSC$j3842.002981$3Volume 5:Issue 1(2007)-Volume 9:Issue 12(2011)***See ESTAR for full holdings.
=852  41$aBritish Library$bHMNTS$jDigital store$3Vol. 6, Issue 6 (2008)-Vol. 8, Issue 9 (2010)
=852  41$aBritish Library$bHMNTS$jELD Digital store$3Volume 1:Issue 1(2003)-***Previous issues available in print copy
=856  \\$31850-9999$uhttp://informahealthcare.com$xBLDSS
=856  4\$uhttp://www.future-drugs.com/publication.asp?publicationid=7
=856  4\$uhttp://www.tandfonline.com/toc/ierz20/current
=859  \\$aELD$bejournal
=945  \\$aExpert review of anti infective therapy
=959  \\$fHeld but not currently received
=985  \\$aLegal Deposit ejournals
=985  \\$aCONFERENCE ANALYTIC RECORDS EXIST
=985  \\$aISSN transferred to US ISSN Center. 23/11/2016.
=ACF  \\$aPrevious Copyright Fee: GBP30.00$c36\0$e01-jan-2008$fGBP30.00$g0$hP$5Uk
=ACF  \\$aPrevious copyright fee: GBP35.00$c36\0$e01-jan-2011$fGBP35.00$g0$hP$5Uk
=ACF  \\$aPrevious copyright fee: GBP57.00$c36\0$e01-apr-2014$fGBP57.00$g0$hP$5Uk
=ACF  \\$aPrevious copyright fee: GBP59.00$c45\0$e01-jan-2017$fGBP59.00$g0$hP$5Uk
=ACF  \\$aPrevious copyright fee: GBP66.00$c45\0$e01-jan-2019$fGBP66.00$g0$hP$5Uk
=ACF  \\$aPrevious copyright fee: GBP69.00$c45\0$e01-jan-2020$fGBP69.00$g0$hP$5Uk
=ACF  \\$aPrevious copyright fee: GBP71.00$c45\0$e01-jan-2022$fGBP71.00$g0$hP$5Uk
=CAT  \\$a5997$b40$c20080303$lBLL01$h1456
=CAT  \\$aIPL-CLA$c20140331$lBLL01$h1634
=CAT  \\$a10934$b40$c20140519$lBLL01$h1130
=CAT  \\$aWR14_140$c20140905$lBLL01$h1818
=CAT  \\$aBLDSS-3PM$b00$c20141208$lBLL01$h1626
=CAT  \\$a14448$b40$c20151201$lBLL01$h1357
=CAT  \\$a14448$b40$c20160204$lBLL01$h0934
=CAT  \\$a14448$b40$c20160205$lBLL01$h0943
=CAT  \\$a11433$b40$c20160415$lBLL01$h1554
=CAT  \\$aBATCH-UPD$b40$c20160522$lBLL01$h2350
=CAT  \\$aBATCH-UPD$b40$c20160524$lBLL01$h2149
=CAT  \\$a5552$b40$c20161005$lBLL01$h0859
=CAT  \\$a11205$b40$c20161115$lBLL01$h1435
=CAT  \\$a11205$b40$c20161123$lBLL01$h1127
=CAT  \\$aIPL-CLA$c20161230$lBLL01$h2301
=CAT  \\$aW1711-1005$c20171206$lBLL01$h1820
=CAT  \\$a5552$b40$c20181213$lBLL01$h1427
=CAT  \\$aIPL-CLA$c20181231$lBLL01$h1547
=CAT  \\$a5552$b40$c20191120$lBLL01$h0836
=CAT  \\$aIPL-CLA$c20191231$lBLL01$h2003
=CAT  \\$aBATCH-UPD$b00$c20211119$lBLL01$h1519
=CAT  \\$aIPL-CLA$c20211231$lBLL01$h1544
=CAT  \\$aBATCH-UPD$b00$c20230518$lBLL01$h1421
=CAT  \\$aIPL-CLA$c20230518$lBLL01$h1500
=CAT  \\$aR2308-1440$c20230824$lBLL01$h0929
=CAT  \\$aIPL-CLA$c20230930$lBLL01$h0809
=CFI  0\$aCurrent copyright fee: GBP73.00$c2\0$e01-oct-2023$fGBP73.00$g0$hP$5Uk
=CFI  2\$aPrevious copyright fee: GBP73.00$c45\0$e18-may-2023$fGBP73.00$g0$hP$5Uk
=EST  \\$a1
=FFP  \\$aY$bBLDSS-3PM
=FIN  \\$aY$d20080305
=FMT  \\$a  SE
=LAS  \\$aIPL-CLA$b00$c20230930$lBLL01$h0809
=LET  \0$aExpert review of anti-infective therapy (Electronic)
=LKR  \\$aPAR$b007691608$lBLL01$r776$mExpert review of anti-infective therapy (Online)$nExpert review of anti-infective therapy (Print)
=MNI  \\$a1478-7210
=TCO  \\$aCLA$bCLA$c008
=TOC  \\$aETOC

