=LDR  05141cas a2201057 a 4500
=001  014563667
=003  Uk
=005  20220930142740.0
=007  ta
=008  080313c20089999ts\qr\p\\\\\\\0\\\a0eng\\
=022  0\$a1875-6921
=040  \\$aUk$beng$cUk$dUk
=042  \\$aukblsr
=082  04$a615.7$222
=222  \0$aCurrent pharmacogenomics and personalized medicine (Print)
=245  00$aCurrent pharmacogenomics and personalized medicine.
=260  \\$aSharjah, U.A.E. :$bBentham Science Publishers,$c2008-
=300  \\$av. :$bill. ;$c28 cm.
=310  \\$aQuarterly
=336  \\$atext$2rdacontent
=337  \\$aunmediated$2rdamedia
=338  \\$avolume$2rdacarrier
=362  0\$aVol. 6, no. 1 (Mar. 2008)-
=540  \\$aCurrent copyright fee: GBP48.33$c38\0$5Uk
=650  \0$aPharmacogenomics$vPeriodicals.
=776  0\$aCurrent pharmacogenomics and personalized medicine (Online)$x1875-6913
=780  00$tCurrent pharmacogenomics$x1570-1603
=852  41$aBritish Library$bDSC$j3501.280467$3Vol. 6, no. 1 (2008)-v. 9, no. 4 (2011)
=856  \\$31850-9999$uhttp://benthamscience.com$xBLDSS
=945  \\$aCurrent pharmacogenomics and personalized medicine
=959  \\$fHeld but not currently received
=985  \\$a222 as on ISSN Portal
=ACF  \\$aPrevious copyright fee: GBP31.25$c38\0$e01-jul-2011$fGBP31.25$g0$hP$5Uk
=ACF  \\$aPrevious copyright fee: GBP37.42$c38\0$e01-jan-2011$fGBP37.42$g0$hP$5Uk
=ACF  \\$aPrevious copyright fee: GBP35.50$c38\0$e01-jan-2009$fGBP35.50$g0$hP$5Uk
=ACF  \\$aPrevious Copyright Fee: GBP28.00$c38\0$e14-mar-2008$fGBP28.00$g0$hP$5Uk
=ACF  \\$aPrevious copyright fee: GBP37.42$c38\0$e01-jan-2012$fGBP37.42$g0$hP$5Uk
=ACF  \\$aPrevious copyright fee: GBP35.15$c38\0$e01-jul-2012$fGBP35.15$g0$hP$5Uk
=ACF  \\$aPrevious copyright fee: GBP36.25$c38\0$e01-jan-2013$fGBP36.25$g0$hP$5Uk
=ACF  \\$aPrevious copyright fee: GBP37.42$c38\0$e01-jul-2013$fGBP37.42$g0$hP$5Uk
=ACF  \\$aPrevious copyright fee: GBP36.25$c38\0$e01-jan-2014$fGBP36.25$g0$hP$5Uk
=ACF  \\$aPrevious copyright fee: GBP35.15$c38\0$e01-jul-2014$fGBP35.15$g0$hP$5Uk
=ACF  \\$aPrevious copyright fee: GBP37.42$c38\0$e01-apr-2015$fGBP37.42$g0$hP$5Uk
=ACF  \\$aPrevious copyright fee: GBP38.67$c38\0$e01-jul-2015$fGBP38.67$g0$hP$5Uk
=ACF  \\$aPrevious copyright fee: GBP37.42$c38\0$e01-oct-2015$fGBP37.42$g0$hP$5Uk
=ACF  \\$aPrevious copyright fee: GBP40.00$c38\0$e01-apr-2016$fGBP40.00$g0$hP$5Uk
=ACF  \\$aPrevious copyright fee: GBP42.96$c38\0$e01-oct-2016$fGBP42.96$g0$hP$5Uk
=ACF  \\$aPrevious copyright fee: GBP46.40$c38\0$e01-apr-2017$fGBP46.40$g0$hP$5Uk
=ACF  \\$aPrevious copyright fee: GBP44.62$c38\0$e01-oct-2017$fGBP44.62$g0$hP$5Uk
=ACF  \\$aPrevious copyright fee: GBP41.43$c38\0$e01-apr-2018$fGBP41.43$g0$hP$5Uk
=ACF  \\$aPrevious copyright fee: GBP44.62$c38\0$e01-oct-2018$fGBP44.62$g0$hP$5Uk
=ACF  \\$aPrevious copyright fee: GBP46.40$c38\0$e01-oct-2019$fGBP46.40$g0$hP$5Uk
=ACF  \\$aPrevious copyright fee: GBP44.62$c38\0$e01-apr-2020$fGBP44.62$g0$hP$5Uk
=ACF  \\$aPrevious copyright fee: GBP46.40$c38\0$e01-jul-2020$fGBP46.40$g0$hP$5Uk
=ACF  \\$aPrevious copyright fee: GBP42.96$c38\0$e01-apr-2021$fGBP42.96$g0$hP$5Uk
=ACF  \\$aPrevious copyright fee: GBP41.43$c38\0$e07-jul-2021$fGBP41.43$g0$hP$5Uk
=CAT  \\$a8871$b40$c20080313$lBLL01$h1711
=CAT  \\$aBATCH-UPD$b00$c20160824$lBLL01$h1838
=CAT  \\$aBATCH-UPD$b00$c20160824$lBLL01$h2044
=CAT  \\$aIPL-CLA$c20160930$lBLL01$h1620
=CAT  \\$aBATCH-UPD$b00$c20170216$lBLL01$h1920
=CAT  \\$aIPL-CLA$c20170331$lBLL01$h1858
=CAT  \\$aBATCH-UPD$b00$c20170904$lBLL01$h1941
=CAT  \\$aIPL-CLA$c20170929$lBLL01$h1744
=CAT  \\$aBATCH-UPD$b00$c20180223$lBLL01$h1818
=CAT  \\$aIPL-CLA$c20180331$lBLL01$h1636
=CAT  \\$aBATCH-UPD$b00$c20180823$lBLL01$h1955
=CAT  \\$aIPL-CLA$c20180930$lBLL01$h1508
=CAT  \\$aBATCH-UPD$b00$c20190829$lBLL01$h1557
=CAT  \\$aIPL-CLA$c20190930$lBLL01$h1644
=CAT  \\$aBATCH-UPD$b00$c20200219$lBLL01$h1544
=CAT  \\$aIPL-CLA$c20200331$lBLL01$h1621
=CAT  \\$aBATCH-UPD$b00$c20200522$lBLL01$h1520
=CAT  \\$aIPL-CLA$c20200701$lBLL01$h0103
=CAT  \\$aBATCH-UPD$b00$c20210226$lBLL01$h1104
=CAT  \\$aIPL-CLA$c20210331$lBLL01$h1701
=CAT  \\$aBATCH-UPD$b00$c20210707$lBLL01$h1627
=CAT  \\$aIPL-CLA$c20210707$lBLL01$h1843
=CAT  \\$aBATCH-UPD$b00$c20220520$lBLL01$h1708
=CAT  \\$aIPL-CLA$c20220630$lBLL01$h1538
=CAT  \\$aBATCH-UPD$b00$c20220824$lBLL01$h0930
=CAT  \\$aIPL-CLA$c20220930$lBLL01$h1427
=CFI  0\$aCurrent copyright fee: GBP48.33$c38\0$e01-oct-2022$fGBP48.33$g0$hP$5Uk
=CFI  2\$aPrevious copyright fee: GBP46.40$c38\0$e01-jul-2022$fGBP46.40$g0$hP$5Uk
=FFP  \\$aY$bBLDSS-3PM
=FIN  \\$aY$d20080313
=FMT  \\$a  SE
=LAS  \\$aIPL-CLA$b00$c20220930$lBLL01$h1427
=LKR  \\$aPAR$b007160370$lBLL01$r78000$mCurrent pharmacogenomics and personalized medicine (Print)$nCurrent pharmacogenomics (Print)
=TCO  \\$aXXX$c008
=TOC  \\$aETOC

