=LDR  03550cas a2200829 a 4500
=001  014568661
=003  Uk
=005  20221231144911.0
=007  ta
=008  080317c20089999gw\qr\p\\\\\\\0\\\a0eng\d
=022  0\$a1864-1105
=040  \\$aUk$beng$cUk
=042  \\$aukblsr
=082  04$a302.23019$222
=245  00$aJournal of media psychology :$btheories, methods, and applications.
=260  \\$aGöttingen :$bHogrefe-Verlag,$c2008-
=300  \\$av. ;$c28 cm.
=310  \\$aFour no. a year
=336  \\$atext$2rdacontent
=337  \\$aunmediated$2rdamedia
=338  \\$avolume$2rdacarrier
=362  0\$aVol. 20, no. 1 (2008)-
=540  \\$aCurrent Copyright Fee: GBP25.00$c0$5Uk
=650  \0$aMass media$xPsychological aspects$vPeriodicals.
=780  00$tZeitschrift für Medienpsychologie$x1617-6383
=852  41$aBritish Library$bDSC$j5017.046000$3Vol. 20, no. 1 (2008)-***UKRR Retained Title
=945  \\$aJournal of media psychology
=959  \\$fCurrently received
=985  \\$aISSN not yet completed March 2008
=ACF  \\$aPrevious Copyright Fee: GBP6.00$c0$e01-oct-2008$fGBP6.00$g0$hC$5Uk
=ACF  \\$aPrevious copyright fee: GBP6.00$c0$e01-apr-2008$fGBP6.00$g0$hA$5Uk
=ACF  \\$aPrevious copyright fee: GBP5.00$c0$e27-mar-2008$fGBP5.00$g0$hA$5Uk
=ACF  \\$aPrevious copyright fee: GBP10.50$c0$e01-jan-2011$fGBP10.50$g0$hA$5Uk
=ACF  \\$aPrevious copyright fee: GBP12.00$c0$e01-jan-2012$fGBP12.00$g0$hA$5Uk
=ACF  \\$aPrevious Copyright Fee: GBP12.30$c0$e01-jan-2014$fGBP12.30$g0$hA$5Uk
=ACF  \\$aPrevious Copyright Fee: GBP15.00$c0$e01-jan-2017$fGBP15.00$g0$hA$5Uk
=ACF  \\$aPrevious Copyright Fee: GBP17.50$c0$e01-jan-2018$fGBP17.50$g0$hA$5Uk
=ACF  \\$aPrevious Copyright Fee: GBP20.00$c0$e01-jan-2020$fGBP20.00$g0$hA$5Uk
=CAT  \\$a8871$b40$c20080319$lBLL01$h1019
=CAT  \\$aBATCH-UPD$b40$c20080330$lBLL01$h1616
=CAT  \\$aBATCH$b00$c20080330$lBLL01$h2317
=CAT  \\$aBATCH-CLA$b00$c20080829$lBLL01$h1848
=CAT  \\$aBATCH-UPD$b00$c20080930$lBLL01$h2255
=CAT  \\$aBATCH-UPD$b00$c20081001$lBLL01$h0013
=CAT  \\$aBATCH$b00$c20081001$lBLL01$h0129
=CAT  \\$a9505$b40$c20100909$lBLL01$h1351
=CAT  \\$aBATCH-UPD$b40$c20101201$lBLL01$h1251
=CAT  \\$aIPL-CLA$c20101231$lBLL01$h1524
=CAT  \\$aWR11_203$c20111204$lBLL01$h1513
=CAT  \\$aIPL-CLA$c20111230$lBLL01$h2030
=CAT  \\$aBATCH-CLA$b00$c20121109$lBLL01$h1723
=CAT  \\$aBATCH-CLA$c20131220$lBLL01$h2057
=CAT  \\$aIPL-CLA$c20140101$lBLL01$h0052
=CAT  \\$aBATCH-CLA$b00$c20161222$lBLL01$h1822
=CAT  \\$aIPL-CLA$c20161230$lBLL01$h2302
=CAT  \\$aBATCH-CLA$b00$c20171222$lBLL01$h2149
=CAT  \\$aIPL-CLA$c20171231$lBLL01$h1732
=CAT  \\$aBATCH-CLA$b00$c20191219$lBLL01$h1746
=CAT  \\$aIPL-CLA$c20191231$lBLL01$h2003
=CAT  \\$aR2001-1524$c20200127$lBLL01$h2037
=CAT  \\$aBATCH-CLA$b00$c20201204$lBLL01$h1553
=CAT  \\$aIPL-CLA$c20201231$lBLL01$h1531
=CAT  \\$aBATCH-CLA$b00$c20221221$lBLL01$h1906
=CAT  \\$aIPL-CLA$c20221231$lBLL01$h1449
=CFI  0\$aCurrent Copyright Fee: GBP25.00$c0$e01-jan-2023$fGBP25.00$g0$hA$5Uk
=CFI  2\$aPrevious Copyright Fee: GBP22.50$c0$e01-jan-2021$fGBP22.50$g0$hA$5Uk
=FIN  \\$aY$d20080319
=FMT  \\$a  SE
=LAS  \\$aIPL-CLA$b00$c20221231$lBLL01$h1449
=LKR  \\$aPAR$b012429366$lBLL01$r78000$mJournal of media psychology : theories, methods, and applications.$nZeitschrift für Medienpsychologie
=TCO  \\$aDEU$bVG WORT$c008
=TOC  \\$aETOC

