=LDR  04975cas a2201093 a 4500
=001  014569977
=003  Uk
=005  20230307110616.0
=007  ta
=008  080211c20089999enkmr\p\\\\\\\0\\\a0eng\d
=022  0\$y0021-4922
=035  \\$a(OCoLC)191921897
=040  \\$aLWU$beng$cLWU$dUk
=042  \\$aukblsr
=082  04$a621.05$222
=130  0\$aJapanese journal of applied physics (2008)
=245  10$aJapanese journal of applied physics.
=246  13$aJJAP
=260  \\$aTokyo, Japan :$bJapan Society of Applied Physics through the Institute of Pure and Applied Physics,$c2008-
=264  31$aLondon :$bIOP Publishing
=300  \\$av. :$bill. ;$c30 cm.
=310  \\$aMonthly
=336  \\$atext$2rdacontent
=337  \\$aunmediated$2rdamedia
=338  \\$avolume$2rdacarrier
=362  0\$aVol. 47, no. 1 (Jan. 2008)-
=500  \\$aTitle from cover.
=515  \\$aIssued in 2 vols.
=540  \\$aCurrent Copyright Fee: GBP15.00$c77\0$5Uk
=588  \\$aLatest issue consulted: volume 53, number 2 (February 2014).
=595  \\$aComes with 1576.392000.
=650  \0$aPhysics$vPeriodicals.
=650  \0$aTechnology$vPeriodicals.
=710  2\$aŌyō Butsuri Gakkai.
=710  2\$aInstitute of Pure and Applied Physics.
=776  08$iAlso issued online as:$tJapanese journal of applied physics$x1347-4065
=780  00$tJapanese journal of applied physics. Part 1, Regular papers and short notes$x0021-4922
=852  41$aBritish Library$bDSC$j4650.880005$3Vol. 47, no. 1 (2008)-v. 59, no. 12 (2020)***UKRR Retained Title
=852  11$aBritish Library$bSTI$k(P)$h621.05$m-E(1)$3Vol. 47, no. 1, pt. 1 (2008)-v. 48, no. 12 (2009); vol. 53, no. 1 (Jan. 2014)-v. 54 , no. 2 (2015)***Title now taken as electronic copy
=856  \\$31850-9999$uhttp://ioppublishing.org/$xBLDSS
=945  \\$aJapanese journal of applied physics -New Series-
=959  \\$fHeld but not currently received
=985  \\$aCONFERENCE ANALYTIC RECORDS EXIST
=985  \\$aISSN UK: See separate ISSN record at BIB 016710860 (BL records are not in sync with ISSN records)
=ACF  \\$aPrevious Copyright Fee: GBP5.14$c0$e01-jul-2009$fGBP5.14$g0$hC$5Uk
=ACF  \\$aPrevious Copyright Fee: GBP5.14$c0$e01-apr-2009$fGBP5.14$g0$hC$5Uk
=ACF  \\$aPrevious Copyright Fee: GBP4.50$c0$e01-jan-2009$fGBP4.50$g0$hC$5Uk
=ACF  \\$aPrevious Copyright Fee: GBP3.60$c0$e01-oct-2008$fGBP3.60$g0$hC$5Uk
=ACF  \\$aPrevious Copyright Fee: GBP3.60$c0$e01-jul-2008$fGBP3.60$g0$hC$5Uk
=ACF  \\$aPrevious Copyright Fee: GBP6.00$c0$e01-apr-2008$fGBP6.00$g0$hA$5Uk
=ACF  \\$aPrevious Copyright Fee: GBP5.00$c0$e28-mar-2008$fGBP5.00$g0$hA$5Uk
=ACF  \\$aPrevious copyright fee: GBP10.50$c0$e01-jan-2011$fGBP10.50$g0$hA$5Uk
=ACF  \\$aPrevious Copyright Fee: GBP12.30$c0$e01-jan-2014$fGBP12.30$g0$hA$5Uk
=ACF  \\$aPrevious copyright fee: GBP12.00$c0$e01-jan-2012$fGBP12.00$g0$hA$5Uk
=CAT  \\$a8323$b40$c20080320$lBLL01$h1602
=CAT  \\$aBATCH-UPD$b40$c20101201$lBLL01$h1251
=CAT  \\$aIPL-CLA$c20101231$lBLL01$h1524
=CAT  \\$a8342$b40$c20110708$lBLL01$h1154
=CAT  \\$aWR11_203$c20111204$lBLL01$h1513
=CAT  \\$aIPL-CLA$c20111230$lBLL01$h2030
=CAT  \\$a10997$b40$c20120913$lBLL01$h1546
=CAT  \\$aBATCH-CLA$b00$c20121109$lBLL01$h1723
=CAT  \\$a6550$b40$c20131009$lBLL01$h0953
=CAT  \\$a6550$b40$c20131009$lBLL01$h1004
=CAT  \\$aBATCH-CLA$c20131220$lBLL01$h2057
=CAT  \\$aIPL-CLA$c20140101$lBLL01$h0052
=CAT  \\$a5110$b40$c20140311$lBLL01$h1042
=CAT  \\$a11313$b40$c20140508$lBLL01$h1145
=CAT  \\$a5552$b40$c20141028$lBLL01$h1554
=CAT  \\$a5552$b40$c20141029$lBLL01$h0806
=CAT  \\$aBLDSS-3PM$b00$c20141121$lBLL01$h1821
=CAT  \\$a11205$b40$c20150218$lBLL01$h1539
=CAT  \\$a10806$b40$c20150427$lBLL01$h0925
=CAT  \\$a11385$b40$c20150508$lBLL01$h1410
=CAT  \\$aBATCH-UPD$b40$c20160603$lBLL01$h1001
=CAT  \\$a5552$b40$c20180601$lBLL01$h1054
=CAT  \\$a5552$b40$c20180601$lBLL01$h1056
=CAT  \\$a5552$b40$c20180601$lBLL01$h1425
=CAT  \\$aIPL-CLA$c20180630$lBLL01$h1925
=CAT  \\$a10806$b40$c20190823$lBLL01$h1111
=CAT  \\$a11385$b40$c20230307$lBLL01$h1106
=CFI  0\$aCurrent Copyright Fee: GBP15.00$c77\0$e01-jul-2018$fGBP15.00$g0$hP$5Uk
=CFI  2\$aPrevious copyright fee: GBP20.00$c77\0$e28-oct-2014$fGBP20.00$g0$hP$5Uk
=FFP  \\$aY$bBLDSS-3PM
=FIN  \\$aY$d20080320
=FMT  \\$a  SE
=LAS  \\$a11385$b40$c20230307$lBLL01$h1106
=LET  \0$aJapanese journal of applied physics (Print)
=LKR  \\$aPAR$b010481810$lBLL01$r78000$mJapanese journal of applied physics.$nJapanese journal of applied physics. Part 1, Regular papers, short notes and review papers.
=LKR  \\$aPAR$b012755199$lBLL01$r78000$mJapanese journal of applied physics.$nJapanese journal of applied physics
=SID  \\$aZ39$bOCLC
=TCO  \\$aJPN$bJAACC$c008
=TOC  \\$aETOC
=UNO  \\$aY

