=LDR  06747cas a2201333 a 4500
=001  014582617
=003  Uk
=005  20221231144914.0
=006  m\\\\\o\\d\\\\\\\\
=007  cr\un|||||||||
=008  050614d19892010gw\qr\pso\\\\\0\\\b0ger\d
=022  \\$a1865-5084$y0934-3504
=035  \\$a(OCoLC)60622484$z(OCoLC)317662025
=040  \\$aOCLCS$beng$cOCLCS$dVPI$dCIT$dOCLCQ$dHNK$dOCLCQ$dUk
=041  0\$ager$beng
=042  \\$aukblsr
=050  \4$aTD172
=060  \4$aW1$bUM22
=082  04$a363.73$223
=130  0\$aUmweltwissenschaften und Schadstoff-Forschung (Online)
=210  1\$aUmweltwiss. Schadst.-Forsch.$b(Internet)
=222  \0$aUmweltwissenschaften und Schadstoff-Forschung$b(Internet)
=245  10$aUmweltwissenschaften und Schadstoff-Forschung$h[electronic resource].
=246  17$aUWSF-Z Umweltchem. Ökotox
=260  \\$aLandsberg :$bEcomed Verlagsgesellschaft
=260  3\$3<2008>-$aHeidelberg :$bSpringer
=310  \\$a6 no. a year,$b2009-
=321  \\$a4 no. a year,$b1989-1990
=321  \\$a6 no. a year,$b1991-2001
=321  \\$aFour no. per year,$b2002-2008
=336  \\$atext$2rdacontent
=337  \\$acomputer$2rdamedia
=338  \\$aonline resource$2rdacarrier
=362  1\$aBegan with: 1 (1) (März 1989); ceased with v. 22, no. 6 (Dec. 2010).
=515  \\$aIssues for Mar. 1989- have also whole numbering.
=540  \\$aCurrent copyright fee: GBP29.95$c22\1$5Uk
=546  \\$aArticles in German; summaries in English and German.
=550  \\$aOrgan der Arbeitsgemeinschaft Umweltchemie und Ökotoxikologie der Gesellschaft Deutscher Chemiker; beginning <Sept. 1990-> issued also as the organ of: Arbeitsgemeinschaft Umweltchemie und Ökotoxikologie der Chemischen Gesellschaft; and Verband Deutscher Geoökologen.
=580  \\$aMerged with the print version to form: Environmental sciences Europe.
=588  \\$aDescription based on: Jahrg. 9:Nr. 1 (1997) = [v. 9:no. 1 (1997:Mar.)]; title from journal home page (SpringerLink, Feb. 23, 2010).
=588  \\$aLatest issue consulted: V. 22, no. 6 (Dec. 2010) (SpringerLink, May 24, 2011).
=650  \0$aPollutants$xEnvironmental aspects$vPeriodicals.
=650  \0$aPollution$xEnvironmental aspects$vPeriodicals.
=650  \0$aEnvironmental protection$vPeriodicals.
=650  \0$aEnvironmental sciences$vPeriodicals.
=710  2\$aGesellschaft Deutscher Chemiker.$bArbeitsgemeinschaft Umweltchemie und Ökotoxikologie.
=710  2\$aChemische Gesellschaft der Deutschen Demokratischen Republik.$bArbeitsgemeinschaft Umweltchemie und Ökotoxikologie.
=710  2\$aVerband Deutscher Geoökologen.
=775  0\$tEnvironmental science and pollution research international (Online)$g1994-$x1614-7499
=776  08$iPrint version$tUmweltwissenschaften und Schadstoff-Forschung$x0934-3504
=785  17$tUmweltwissenschaften und Schadstoff-Forschung$x0934-3504
=785  17$tEnvironmental sciences Europe$x2190-4715
=852  41$aBritish Library$bDSC$j9083.563100$3Volume 9:Issue 1(1997)-Volume 22:Issue 6(2010)***See ESTAR for full holdings.
=856  \\$31850-9999$uhttp://www.springer.com/gb/$xBLDSS
=856  40$uhttp://ejournals.ebsco.com/direct.asp?JournalID=107573
=856  40$uhttp://www.springerlink.com/content/120964
=945  \\$aUmweltwissenschaften und schadstoff forschung
=959  \\$fHeld but not currently received
=985  \\$amerger of print and online info from ISSN record.
=ACF  \\$aPrevious copyright fee: GBP21.25$c22\3$e01-jan-2009$fGBP21.25$g0$hP$5Uk
=ACF  \\$aPrevious Copyright Fee: GBP16.75$c22\3$e07-apr-2008$fGBP16.75$g0$hP$5Uk
=ACF  \\$aPrevious copyright fee: GBP22.00$c22\3$e01-apr-2009$fGBP22.00$g0$hP$5Uk
=ACF  \\$aPrevious copyright fee: GBP22.00$c22\3$e12-aug-2012$fGBP22.00$g0$hP$5Uk
=ACF  \\$aPrevious copyright fee: GBP25.00$c22\3$e01-jan-2013$fGBP25.00$g0$hP$5Uk
=ACF  \\$aPrevious copyright fee: GBP25.77$c22\3$e01-jul-2013$fGBP25.77$g0$hP$5Uk
=ACF  \\$aPrevious copyright fee: GBP24.97$c22\3$e01-jan-2014$fGBP24.97$g0$hP$5Uk
=ACF  \\$aPrevious copyright fee: GBP24.21$c22\3$e01-jul-2014$fGBP24.21$g0$hP$5Uk
=ACF  \\$aPrevious copyright fee: GBP25.77$c22\3$e01-apr-2015$fGBP25.77$g0$hP$5Uk
=ACF  \\$aPrevious copyright fee: GBP26.63$c22\3$e01-jul-2015$fGBP26.63$g0$hP$5Uk
=ACF  \\$aPrevious copyright fee: GBP25.77$c22\3$e01-oct-2015$fGBP25.77$g0$hP$5Uk
=ACF  \\$aPrevious copyright fee: GBP27.55$c22\3$e01-apr-2016$fGBP27.55$g0$hP$5Uk
=ACF  \\$aPrevious copyright fee: GBP29.59$c22\3$e01-oct-2016$fGBP29.59$g0$hP$5Uk
=ACF  \\$aPrevious copyright fee: GBP31.96$c22\3$e01-apr-2017$fGBP31.96$g0$hP$5Uk
=ACF  \\$aPrevious copyright fee: GBP30.73$c22\3$e01-oct-2017$fGBP30.73$g0$hP$5Uk
=ACF  \\$aPrevious copyright fee: GBP28.54$c22\3$e01-apr-2018$fGBP28.54$g0$hP$5Uk
=CAT  \\$a7174$b40$c20080407$lBLL01$h1547
=CAT  \\$aIPL-CLA$c20140630$lBLL01$h1739
=CAT  \\$aBLDSS-3PM$b00$c20150103$lBLL01$h1046
=CAT  \\$aBATCH-UPD$b00$c20150103$lBLL01$h1329
=CAT  \\$aBATCH-UPD$b00$c20150219$lBLL01$h1743
=CAT  \\$aIPL-CLA$c20150331$lBLL01$h1657
=CAT  \\$aBATCH-UPD$b00$c20150520$lBLL01$h1751
=CAT  \\$aIPL-CLA$c20150630$lBLL01$h1701
=CAT  \\$aBATCH-UPD$b00$c20150820$lBLL01$h1838
=CAT  \\$aIPL-CLA$c20150930$lBLL01$h1826
=CAT  \\$aBATCH-UPD$b00$c20160217$lBLL01$h1728
=CAT  \\$aIPL-CLA$c20160331$lBLL01$h1749
=CAT  \\$aBATCH-UPD$b00$c20160524$lBLL01$h2212
=CAT  \\$aBATCH-UPD$b00$c20160525$lBLL01$h0034
=CAT  \\$aBATCH-UPD$b00$c20160824$lBLL01$h1756
=CAT  \\$aIPL-CLA$c20160930$lBLL01$h1620
=CAT  \\$aBATCH-UPD$b00$c20170216$lBLL01$h1844
=CAT  \\$aIPL-CLA$c20170331$lBLL01$h1858
=CAT  \\$aBATCH-UPD$b00$c20170904$lBLL01$h1853
=CAT  \\$aIPL-CLA$c20170929$lBLL01$h1744
=CAT  \\$aBATCH-UPD$b00$c20180223$lBLL01$h1723
=CAT  \\$aIPL-CLA$c20180331$lBLL01$h1637
=CAT  \\$aBATCH-UPD$b00$c20180524$lBLL01$h1714
=CAT  \\$aIPL-CLA$c20180630$lBLL01$h1925
=CAT  \\$aBATCH-UPD$b00$c20221121$lBLL01$h1402
=CAT  \\$aIPL-CLA$c20221231$lBLL01$h1449
=CFI  0\$aCurrent copyright fee: GBP29.95$c22\1$e01-jan-2023$fGBP29.95$g0$hP$5Uk
=CFI  2\$aPrevious copyright fee: GBP34.00$c22\1$e01-jul-2018$fGBP34.00$g0$hP$5Uk
=EST  \\$a1
=FFP  \\$aY$bBLDSS-3PM
=FIN  \\$aY$d20121119
=FMT  \\$a  SE
=LAS  \\$aIPL-CLA$b00$c20221231$lBLL01$h1449
=LKR  \\$aPAR$b008221396$lBLL01$r776$mUmweltwissenschaften und Schadstoff-forschung (Online)$nUmweltwissenschaften und Schadstoff-forschung (Print).
=MNI  \\$a0934-3504
=SID  \\$aZ39$bOCLC
=TCO  \\$aDEU$bVG WORT$c008
=TOC  \\$aETOC
=UNO  \\$aY

