=LDR  04140cam a22009137a 4500
=001  014593961
=003  Uk
=005  20230924061614.0
=008  080326s2008\\\\waua\\\\\b\\\\101\0\eng\d
=020  \\$a9780819470072 (pbk.)
=020  \\$a0819470074 (pbk.)
=035  \\$a(OCoLC)214046710
=040  \\$aSCW$beng$cSCW$dSCW$dYDXCP$dUk
=050  00$aTA1540$b.H6625 2007
=245  00$aHolography and diffractive optics III :$b12-14 November 2007, Beijing, China /$cYunlong Sheng, Dahsiung Hsu, Chongxiu Yu, editors ; sponsored by SPIE [and] COS--Chinese Optical Society ; cooperating organizations, OSJ--Optical Society of Japan ... [et al.] ; supporting organizations, CAST--China Association for Science and Technology (China), NNSF--National Nature Science Foundation (China), [and] the Ministry of Science and Technology (China).
=260  \\$aBellingham, Wash. :$bSPIE,$cc2008.
=300  \\$a1 v. (various pagings) :$bill. ;$c28 cm.
=336  \\$atext$2rdacontent
=337  \\$aunmediated$2rdamedia
=338  \\$avolume$2rdacarrier
=490  1\$aProceedings of SPIE,$x0277-786X ;$vv. 6832
=500  \\$aPrevious conference proceedings entitled: Holography, diffractive optics, and applications.
=504  \\$aIncludes bibliographical references and author index.
=540  \\$aCurrent copyright fee: GBP17.50$c55\0$5Uk
=591  \\$aPapers. Described as proceedings.
=650  \0$aHolography$vCongresses.
=650  \0$aDiffraction$vCongresses.
=653  1\$aHolography
=653  1\$aDiffractive optics
=700  1\$aSheng, Yunlong.
=700  1\$aHsu, Dahsiung.
=700  1\$aYu, Chongxiu.
=710  2\$aSociety of Photo-Optical Instrumentation Engineers.
=710  2\$aZhongguo guang xue xue hui.
=710  2\$aNihon Kōgakkai (Ōyō Butsuri Gakkai)
=710  2\$aZhongguo ke xue ji shu xie hui.
=710  2\$aGuo jia zi ran ke xue ji jin wei yuan hui (China)
=710  1\$aChina.$bGuo jia ke xue ji shu bu.
=830  \0$aProceedings of SPIE--the International Society for Optical Engineering ;$vv. 6832.
=852  41$aBritish Library$bDSC$j6823.100000$iv. 6832
=856  \\$31850-9999$uhttp://www.spie.org/$xBLDSS
=985  \\$aProceedings-SPIE the International Society for Optical Engineering, ISSN 0277-786x ; vol 6832 2008
=ACF  \\$aPrevious copyright fee: GBP14.40$c55\0$e01-jul-2020$fGBP14.40$g0$hP$5Uk
=CAT  \\$a10775$b40$c20080421$lBLL01$h0855
=CAT  \\$aBATCH-UPD$b00$c20200522$lBLL01$h1530
=CAT  \\$aBATCH-CLA$b00$c20200523$lBLL01$h0459
=CAT  \\$aBATCH-CLA$b00$c20200523$lBLL01$h0535
=CAT  \\$aIPL-CLA$c20200701$lBLL01$h0104
=CAT  \\$aBATCH-UPD$b00$c20210226$lBLL01$h1114
=CAT  \\$aBATCH-CLA$b00$c20210227$lBLL01$h0449
=CAT  \\$aBATCH-CLA$b00$c20210227$lBLL01$h0526
=CAT  \\$aIPL-CLA$c20210331$lBLL01$h1851
=CAT  \\$aBATCH-UPD$b00$c20210707$lBLL01$h1636
=CAT  \\$aIPL-CLA$c20210707$lBLL01$h1959
=CAT  \\$aBATCH-CLA$b00$c20210708$lBLL01$h0421
=CAT  \\$aBATCH-UPD$b00$c20220520$lBLL01$h1720
=CAT  \\$aBATCH-CLA$b00$c20220521$lBLL01$h0425
=CAT  \\$aBATCH-CLA$b00$c20220521$lBLL01$h0500
=CAT  \\$aIPL-CLA$c20220630$lBLL01$h1716
=CAT  \\$aBATCH-UPD$b00$c20220824$lBLL01$h0940
=CAT  \\$aBATCH-CLA$b00$c20220825$lBLL01$h0439
=CAT  \\$aBATCH-CLA$b00$c20220825$lBLL01$h0508
=CAT  \\$aIPL-CLA$c20220930$lBLL01$h1603
=CAT  \\$aBATCH-UPD$b00$c20221126$lBLL01$h1253
=CAT  \\$aBATCH-CLA$b00$c20221127$lBLL01$h1054
=CAT  \\$aBATCH-CLA$b00$c20221127$lBLL01$h1059
=CAT  \\$aIPL-CLA$c20221231$lBLL01$h2216
=CAT  \\$aBATCH-UPD$b00$c20230826$lBLL01$h2047
=CAT  \\$aBATCH-CLA$b00$c20230827$lBLL01$h0253
=CAT  \\$aW2308-1659$c20230923$lBLL01$h1122
=CAT  \\$aBATCH-CLA$b00$c20230924$lBLL01$h0616
=CFI  0\$aCurrent copyright fee: GBP17.50$c55\0$e01-jan-2023$fGBP17.50$g0$hP$5Uk
=CNF  \\$aHolography and diffractive optics (Conference)$n(3rd :$d2007 Nov :$cBeijing)
=FFP  \\$aY$bBLDSS-3PM
=FIN  \\$aY$d20080423
=FMT  \\$a  BK
=LAS  \\$aBATCH-CLA$b00$c20230924$lBLL01$h0616
=TCO  \\$aTRS$bCCC$c008
=UNO  \\$aY

