=LDR  03207cas a2200733 a 4500
=001  014599652
=003  Uk
=005  20230210010706.0
=007  ta
=008  080428c20089999ksufr\p\\\\\\\0\\\a0eng\\
=015  \\$aGBA922110$2bnb
=022  0\$a1757-6369
=040  \\$aUk$beng$cUk$dUk
=042  \\$aukblsr
=082  04$a005.4465$222
=222  \0$aLinux magazine special
=245  00$aLinux magazine special.
=260  \\$aManchester :$bLinux New Media,$c2008-
=264  21$aGlonn, Germany :$bSparkhaus Media
=264  31$aLawrence, KS :$bLinux New Media USA LLC
=300  \\$a1 v. :$bcol. ill., col. ports. ;$c30 cm. +$eCD-ROMs.
=310  \\$aSemi-annual
=336  \\$atext$2rdacontent
=337  \\$aunmediated$2rdamedia
=338  \\$avolume$2rdacarrier
=362  0\$a01/2008-
=540  \\$aCurrent Copyright Fee: GBP25.00$c0$5Uk
=588  \\$aLatest issue consulted: issue 45 (2022).
=630  00$aLinux$vPeriodicals.
=650  \0$aOperating systems (Computers)$vPeriodicals.
=772  0\$tLinux magazine$x1471-5678
=852  11$aBritish Library$bSTI$k(TP)$h005.4465$m-E(1)$3Accompanying CD-ROM
=852  11$aBritish Library$bSTI$k(P)$h005.4465$m-E(1)$3Issue 1 (2008); issue 36 (2019)-***Accompanying CD-ROM at (TP) 005.4465 -E(1)
=985  \\$aISSN UK Centre: 2022 issues consulted, issue 44 states 'Published in Europe by Sparkhaus Media, Glonn, Germany' and issue 45 states US publication details shown in 264 31 with 'Represented in Europe by Sparkhaus Media...' US Center requested responsibilty so ISSN transferred 22/7/22. DLW.
=ACF  \\$aPrevious Copyright Fee: GBP15.00$c0$e01-jul-2017$fGBP15.00$g0$hC$5Uk
=ACF  \\$aPrevious Copyright Fee: GBP17.50$c0$e01-jan-2018$fGBP17.50$g0$hC$5Uk
=ACF  \\$aPrevious Copyright Fee: GBP20.00$c0$e01-jan-2020$fGBP20.00$g0$hC$5Uk
=ACF  \\$aPrevious Copyright Fee: GBP22.50$c0$e01-jan-2021$fGBP22.50$g0$hC$5Uk
=CAT  \\$a6537$b40$c20080428$lBLL01$h1112
=CAT  \\$a5997$b40$c20090303$lBLL01$h0933
=CAT  \\$a8871$b40$c20100819$lBLL01$h1044
=CAT  \\$aWR14_140$c20140905$lBLL01$h1818
=CAT  \\$aBATCH-CLA$b00$c20170531$lBLL01$h1659
=CAT  \\$aIPL-CLA$c20170630$lBLL01$h1604
=CAT  \\$aBATCH-CLA$b00$c20171130$lBLL01$h1711
=CAT  \\$aIPL-CLA$c20171231$lBLL01$h1733
=CAT  \\$a8483$b40$c20191101$lBLL01$h1552
=CAT  \\$a8483$b40$c20191101$lBLL01$h1554
=CAT  \\$aBATCH-CLA$b00$c20191129$lBLL01$h1626
=CAT  \\$aIPL-CLA$c20191231$lBLL01$h2004
=CAT  \\$aBATCH-CLA$b00$c20201126$lBLL01$h1417
=CAT  \\$aIPL-CLA$c20201231$lBLL01$h2253
=CAT  \\$a10973$b40$c20220722$lBLL01$h1629
=CAT  \\$aBATCH-CLA$b00$c20221130$lBLL01$h1432
=CAT  \\$aIPL-CLA$c20221231$lBLL01$h2216
=CAT  \\$aBATCH-CLA$b00$c20230209$lBLL01$h1520
=CAT  \\$aIPL-CLA$c20230210$lBLL01$h0107
=CFI  0\$aCurrent Copyright Fee: GBP25.00$c0$e09-feb-2023$fGBP25.00$g0$hC$5Uk
=CFI  2\$aBritish Library not licensed to copy$c0$e01-jan-2023$hC$iCFP Excluded$5Uk
=FIN  \\$aY$d20090303
=FMT  \\$a  SE
=LAS  \\$aIPL-CLA$b00$c20230210$lBLL01$h0107
=LKR  \\$aPAR$b009911172$lBLL01$nLinux magazine$mLinux magazine special$r7720
=TCO  \\$aCLA$bCLA$c008

