=LDR  06282cas a2201261 i 4500
=001  014617427
=003  Uk
=005  20220930142744.0
=006  m\\\\\o\\d\\\\\\\\
=007  cr||||||||||||
=008  061007c200u9999xx\tr\p\o\\\\\0\\\a0eng\\
=015  \\$aGBB671174$2bnb
=022  \\$a1833-3575$y1833-3583
=037  \\$aHIM$bSage (UK) Ltd
=040  \\$aUk$beng$cUk$erda
=042  \\$aukblsr
=082  04$a651.50426105$223
=222  \0$aHealth information management journal
=245  00$aHealth information management journal.
=246  1\$iAlso known as:$aHIMJ
=246  1\$iAlso known as:$aHIM journal
=264  \1$a[Australia] :$b[Health Information Management Association of Australia]
=264  31$32016-$a[Place of publication not identified] :$bSAGE Publishing
=310  \\$aThree issues a year
=336  \\$atext$2rdacontent
=337  \\$acomputer$2rdamedia
=338  \\$aonline resource$2rdacarrier
=540  \\$aCurrent copyright fee: GBP32.82$c19\0$5Uk
=550  \\$aJournal of the Health Information Management Association of Australia.
=580  \\$aIncludes issues of earlier titles: Health information management, and: Australian medical record.
=588  \\$aDescription based on: volume 35 (2) (September 2006); title from PDF running title.
=588  \\$aLatest issue consulted: 45 (1) April 2016 (SAGE journals, viewed May 26, 2016).
=595  \\$aFORMERLY 4275.0175 -32 (1).
=610  20$aHealth Information Management Association of Australia$vPeriodicals.
=610  27$aHealth Information Management Association of Australia$2fast$0(OCoLC)fst00701158
=650  \0$aMedical records$xManagement$vPeriodicals.
=650  \0$aMedical records$xManagement$zAustralia$vPeriodicals.
=650  \7$aMedical records$xManagement.$2fast$0(OCoLC)fst01014564
=651  \7$aAustralia.$2fast$0(OCoLC)fst01204543
=655  \7$aPeriodicals.$2fast$0(OCoLC)fst01411641
=710  2\$aHealth Information Management Association of Australia,$eissuing body.
=776  08$iAlso issued in print as:$tHealth information management journal$x1833-3583
=780  10$tHealth information managment
=852  41$aBritish Library$bHMNTS$jELD Digital store$3Volume 42:Issue 1(2013)-
=856  40$uhttp://him.sagepub.com/
=856  \\$31850-9999$uhttp://www.uk.sagepub.com/home.nav$xBLDSS
=859  \\$aELD$bejournal
=945  \\$aHealth Information management Journal
=979  \\$aBritish Library$bDSC$j4275.017600N
=979  \\$aBritish Library$cDSC$j4275.017550N
=985  \\$aWas going to go for derived record but one was called HIM - this fits in better with DCS record & current title, plus ISSN record; the other derived rec called Health information management journal, but had no DBO and 2005 start date was wrong when checked.
=ACF  \\$aPrevious copyright fee: GBP9.00$c0$e01-apr-2010$fGBP9.00$g0$hA$5Uk
=ACF  \\$aPrevious copyright fee: GBP6.00$c0$e15-may-2008$fGBP6.00$g0$hA$5Uk
=ACF  \\$aPrevious copyright fee: GBP10.50$c0$e01-jan-2011$fGBP10.50$g0$hA$5Uk
=ACF  \\$aPrevious Copyright Fee: GBP12.30$c0$e01-jan-2014$fGBP12.30$g0$hA$5Uk
=ACF  \\$aPrevious copyright fee: GBP12.00$c0$e01-jan-2012$fGBP12.00$g0$hA$5Uk
=ACF  \\$aPrevious copyright fee: GBP23.23$c19\0$e23-feb-2016$fGBP23.23$g0$hP$5Uk
=ACF  \\$aPrevious copyright fee: GBP27.59$c19\0$e01-apr-2016$fGBP27.59$g0$hP$5Uk
=ACF  \\$aPrevious copyright fee: GBP29.63$c19\0$e01-oct-2016$fGBP29.63$g0$hP$5Uk
=ACF  \\$aPrevious copyright fee: GBP30.77$c19\0$e01-oct-2017$fGBP30.77$g0$hP$5Uk
=ACF  \\$aPrevious copyright fee: GBP32.00$c19\0$e01-apr-2017$fGBP32.00$g0$hP$5Uk
=ACF  \\$aPrevious copyright fee: GBP27.69$c19\0$e14-mar-2018$fGBP27.69$g0$hP$5Uk
=ACF  \\$aPrevious copyright fee: GBP25.71$c19\0$e01-apr-2018$fGBP25.71$g0$hP$5Uk
=ACF  \\$aPrevious copyright fee: GBP27.69$c19\0$e01-oct-2018$fGBP27.69$g0$hP$5Uk
=ACF  \\$aPrevious copyright fee: GBP29.08$c19\0$e01-jul-2019$fGBP29.08$g0$hP$5Uk
=ACF  \\$aPrevious copyright fee: GBP30.24$c19\0$e01-oct-2019$fGBP30.24$g0$hP$5Uk
=ACF  \\$aPrevious copyright fee: GBP30.29$c19\0$e01-apr-2020$fGBP30.29$g0$hP$5Uk
=ACF  \\$aPrevious copyright fee: GBP31.50$c19\0$e01-jul-2020$fGBP31.50$g0$hP$5Uk
=ACF  \\$aPrevious copyright fee: GBP29.17$c19\0$e01-apr-2021$fGBP29.17$g0$hP$5Uk
=ACF  \\$aPrevious copyright fee: GBP28.13$c19\0$e07-jul-2021$fGBP28.13$g0$hP$5Uk
=CAT  \\$a5137$b40$c20080515$lBLL01$h1112
=CAT  \\$aIPL-CLA$c20170331$lBLL01$h1858
=CAT  \\$aBATCH-UPD$b00$c20170904$lBLL01$h1836
=CAT  \\$aIPL-CLA$c20170929$lBLL01$h1744
=CAT  \\$aW1711-1005$c20171206$lBLL01$h1821
=CAT  \\$aBATCH-UPD$b00$c20180223$lBLL01$h1654
=CAT  \\$a5552$b40$c20180314$lBLL01$h1148
=CAT  \\$aIPL-CLA$c20180331$lBLL01$h1637
=CAT  \\$aBATCH-UPD$b00$c20180823$lBLL01$h1935
=CAT  \\$aIPL-CLA$c20180930$lBLL01$h1508
=CAT  \\$aBATCH-UPD$b00$c20190521$lBLL01$h1407
=CAT  \\$aIPL-CLA$c20190630$lBLL01$h1540
=CAT  \\$aBATCH-UPD$b00$c20190829$lBLL01$h1516
=CAT  \\$aIPL-CLA$c20190930$lBLL01$h1644
=CAT  \\$aBATCH-UPD$b00$c20200219$lBLL01$h1509
=CAT  \\$aIPL-CLA$c20200331$lBLL01$h1621
=CAT  \\$aBATCH-UPD$b00$c20200522$lBLL01$h1447
=CAT  \\$aIPL-CLA$c20200701$lBLL01$h0104
=CAT  \\$aBATCH-UPD$b00$c20210226$lBLL01$h1028
=CAT  \\$aIPL-CLA$c20210331$lBLL01$h1701
=CAT  \\$aBATCH-UPD$b00$c20210707$lBLL01$h1552
=CAT  \\$aIPL-CLA$c20210707$lBLL01$h1843
=CAT  \\$aBATCH-UPD$b00$c20220520$lBLL01$h1639
=CAT  \\$aIPL-CLA$c20220630$lBLL01$h1538
=CAT  \\$aBATCH-UPD$b00$c20220824$lBLL01$h0905
=CAT  \\$aIPL-CLA$c20220930$lBLL01$h1427
=CFI  0\$aCurrent copyright fee: GBP32.82$c19\0$e01-oct-2022$fGBP32.82$g0$hP$5Uk
=CFI  2\$aPrevious copyright fee: GBP31.50$c19\0$e01-jul-2022$fGBP31.50$g0$hP$5Uk
=FFP  \\$aY$bBLDSS-3PM
=FIN  \\$aY$d20160526
=FMT  \\$a  SE
=LAS  \\$aIPL-CLA$b00$c20220930$lBLL01$h1427
=LET  \0$aHealth information management journal (Electronic)
=LKR  \\$aPAR$b009200458$lBLL01$nHEALTH INFORMATION MANAGEMENT.$mHealth information management$r776
=MNI  \\$a1833-3583
=TCO  \\$aAUS$bCAL$c008
=TOC  \\$aETOC
=UNO  \\$aY

