=LDR  04111cas a2200913 a 4500
=001  014648350
=003  Uk
=005  20221231144923.0
=007  ta
=008  080618c19999999ja\qr\p\\\\\\\0\\\a0eng\\
=022  \\$a1345-1928
=040  \\$aUk$beng$cUk
=042  \\$aukblsr
=082  04$a620.005$222
=222  \0$aKansei engineering international
=245  00$aKansei engineering international.
=246  13$aInternational journal of Kansei engineering
=246  1\$iMinor title change:$aKansei engineering international journal
=260  \\$aTokyo :$bJapan Society of Kansei Engineering,$c[1999]-
=300  \\$av. :$bill. ;$c30 cm.
=310  \\$aQuarterly
=336  \\$atext$2rdacontent
=337  \\$aunmediated$2rdamedia
=338  \\$avolume$2rdacarrier
=362  1\$aBegan in 1999.
=500  \\$aDescription based on: Vol. 5, no. 4 (2006).
=540  \\$aCurrent Copyright Fee: GBP25.00$c0$5Uk
=588  \\$aLatest issue consulted: volume 10, number 1, 031 December 2010.
=650  \0$aEngineering$vPeriodicals.
=710  2\$aNihon Kansei Kōgakkai.
=852  41$aBritish Library$bDSC$j5085.652400$3Vol. 5, no. 4(2006)-v. 10, no. 1 (2010)
=945  \\$aKansei engineering international
=959  \\$fHeld but not currently received
=985  \\$aNB: Japan ISSN Centre have treated "Kansei engineering international journal" as a major C/T with a new ISSN 1884-0841. Addition of "journal", would be considered by us to be a minor C/T & as the title has been deselected, would not consider creating a new record.
=985  \\$aCONFERENCE ANALYTIC RECORDS EXIST
=ACF  \\$aPrevious Copyright Fee: GBP5.14$c0$e01-jul-2009$fGBP5.14$g0$hC$5Uk
=ACF  \\$aPrevious Copyright Fee: GBP5.14$c0$e01-apr-2009$fGBP5.14$g0$hC$5Uk
=ACF  \\$aPrevious Copyright Fee: GBP4.50$c0$e01-jan-2009$fGBP4.50$g0$hC$5Uk
=ACF  \\$aPrevious Copyright Fee: GBP3.60$c0$e01-oct-2008$fGBP3.60$g0$hC$5Uk
=ACF  \\$aPrevious copyright fee: GBP6.00$c0$e18-jun-2008$fGBP6.00$g0$hA$5Uk
=ACF  \\$aPrevious copyright fee: GBP10.50$c0$e01-jan-2011$fGBP10.50$g0$hA$5Uk
=ACF  \\$aPrevious copyright fee: GBP12.00$c0$e01-jan-2012$fGBP12.00$g0$hA$5Uk
=ACF  \\$aPrevious Copyright Fee: GBP12.30$c0$e01-jan-2014$fGBP12.30$g0$hA$5Uk
=ACF  \\$aPrevious Copyright Fee: GBP15.00$c0$e01-jan-2017$fGBP15.00$g0$hA$5Uk
=ACF  \\$aPrevious Copyright Fee: GBP17.50$c0$e01-jan-2018$fGBP17.50$g0$hA$5Uk
=ACF  \\$aPrevious Copyright Fee: GBP20.00$c0$e01-jan-2020$fGBP20.00$g0$hA$5Uk
=CAT  \\$a10969$b40$c20080618$lBLL01$h0937
=CAT  \\$aBATCH-UPD$b00$c20090701$lBLL01$h2019
=CAT  \\$aBATCH-UPD$b00$c20090701$lBLL01$h2042
=CAT  \\$aBATCH$b00$c20090701$lBLL01$h2103
=CAT  \\$aBATCH-UPD$b00$c20101201$lBLL01$h1251
=CAT  \\$aIPL-CLA$c20101231$lBLL01$h1525
=CAT  \\$aCDS12-UPD$b40$c20110711$lBLL01$h1853
=CAT  \\$aWR11_203$c20111204$lBLL01$h1514
=CAT  \\$aIPL-CLA$c20111230$lBLL01$h2031
=CAT  \\$aBATCH-CLA$b00$c20121109$lBLL01$h1722
=CAT  \\$aBATCH-CLA$c20131220$lBLL01$h2058
=CAT  \\$aIPL-CLA$c20140101$lBLL01$h0056
=CAT  \\$a8483$b40$c20140228$lBLL01$h1330
=CAT  \\$a8483$b40$c20140228$lBLL01$h1336
=CAT  \\$a6162$b40$c20140304$lBLL01$h0900
=CAT  \\$aBATCH-CLA$b00$c20161222$lBLL01$h1823
=CAT  \\$aIPL-CLA$c20161230$lBLL01$h2307
=CAT  \\$aBATCH-CLA$b00$c20171222$lBLL01$h2150
=CAT  \\$aIPL-CLA$c20171231$lBLL01$h1734
=CAT  \\$aBATCH-CLA$b00$c20191219$lBLL01$h1747
=CAT  \\$aIPL-CLA$c20191231$lBLL01$h2005
=CAT  \\$aR2001-1524$c20200127$lBLL01$h2039
=CAT  \\$aBATCH-CLA$b00$c20201204$lBLL01$h1554
=CAT  \\$aIPL-CLA$c20201231$lBLL01$h1531
=CAT  \\$aBATCH-CLA$b00$c20221221$lBLL01$h1908
=CAT  \\$aIPL-CLA$c20221231$lBLL01$h1449
=CFI  0\$aCurrent Copyright Fee: GBP25.00$c0$e01-jan-2023$fGBP25.00$g0$hA$5Uk
=CFI  2\$aPrevious Copyright Fee: GBP22.50$c0$e01-jan-2021$fGBP22.50$g0$hA$5Uk
=FIN  \\$aY$d20080917
=FMT  \\$a  SE
=LAS  \\$aIPL-CLA$b00$c20221231$lBLL01$h1449
=TCO  \\$aJPN$bJAACC$c008
=TOC  \\$aETOC

