=LDR  02046 as a2200457 a 4500
=001  014648607
=003  Uk
=005  20080618134211.0
=006  m\\\\\\\\d\|\\\\\\
=007  co||||||||||||
=008  080618c20079999sw\hr\\\s\\\\\1\\\a0eng\\
=022  \\$y1653-8234
=040  \\$aUk$beng$cUk
=042  \\$aukblsr
=082  04$a660.2961$222
=111  2\$aSymposium on Chemical Problems Connected with the Stability of Explosives.
=240  10$aChemical problems connected with the stability of explosives (CD-ROM)
=245  10$aChemical problems connected with the stability of explosives$h[electronic resource].
=246  1\$iTitle printed on disc :$aJan Hansson Symposium$f<2007>
=260  \\$a[Sweden] :$bSection for Detonics and Combustion, KCEM
=300  \\$aCD-ROMs ;$c4 3/4 in.
=310  \\$aEvery three years
=336  \\$atext$2rdacontent
=337  \\$acomputer$2rdamedia
=338  \\$acomputer disc$2rdacarrier
=362  0\$a14th, 2007-
=500  \\$aTitle from programme details screen.
=500  \\$aConsists of proceedings of the 14th, 2007 etc., Symposium on Chemical Problems Connected with the Stability of Explosives.
=538  \\$aSystem requirements: IBM compatible PC; Windows.
=580  \\$aTo 13th, 2004 issued in print format as.
=710  2\$aSvenska nationalkommittén för mekanik.$bSektionen för detonik och förbränning.
=780  10$aSymposium on Chemical Problems Connected with the Stability of Explosives.$tChemical problems connected with the stability of explosives$x0348-7180
=852  11$aBritish Library$bSTI$k(TP)$h660.2961$m-E(1)$3Edition 14 (2007)
=985  \\$aISSN still pending, so added to {dollar}y
=CAT  \\$a3072$b40$c20080618$lBLL01$h1341
=CAT  \\$a3072$b40$c20080618$lBLL01$h1342
=FIN  \\$aY$d20080618
=FMT  \\$a  SE
=LAS  \\$a3072$b40$c20080618$lBLL01$h1342
=LKR  \\$aPAR$b007519766$lBLL01$r78010$mChemical problems connected with the stability of explosives (CD-ROM)$nChemical problems connected with the stability of explosives
=TCO  \\$aXXX$c008

