=LDR  04391cas a2201033 a 4500
=001  014654240
=003  Uk
=005  20221231221854.0
=007  ta
=008  060707d20062019fr\qr\p\\\\\\\0\\\a0fre\d
=010  \\$a2008235539
=022  \\$a1951-0578
=035  \\$a(OCoLC)70261873
=040  \\$aKKU$cKKU$dNYP$dLVB$dZCU$dHUL$dUk
=041  0\$afre$aeng
=042  \\$aukblsr
=050  14$aNX2$b.A782
=222  \0$aArt press 2
=245  00$aArt press 2.
=246  3\$aArtpress 2
=246  3\$aArt press two
=246  3\$aArt press deux
=260  \\$aParis :$bArt Press,$c-2019.
=300  \\$a51 v. :$bill. ;$c29 cm.
=310  \\$aQuarterly
=336  \\$atext$2rdacontent
=337  \\$aunmediated$2rdamedia
=338  \\$avolume$2rdacarrier
=362  0\$aNo 1 (mai-juin-juillet 2006)-no. 51 (mai/juin/juillet 2019).
=500  \\$aLatest issue consulted: no 6 (août-sept.-oct. 2007).
=500  \\$aTitle from cover.
=500  \\$aEach issue also has a distinctive title.
=500  \\$aSome supplements to Art Press (Paris, France : 1981), called 2e cahier, also bear the title: Art press 2 but are numbered with the main title.
=540  \\$aCurrent Copyright Fee: GBP25.00$c0$5Uk
=546  \\$aFrench and English.
=588  \\$aLatest issue consulted: surrogate of no. 51 (mai/juin/juillet 2019).
=650  \0$aArt, Modern$y20th century$vPeriodicals.
=650  \0$aArt, Modern$y21st century$vPeriodicals.
=650  \0$aArts, Modern$y20th century$vPeriodicals.
=650  \0$aArts, Modern$y21st century$vPeriodicals.
=650  \6$aArt$y20e siècle$vPériodiques.
=650  \6$aArt$y21e siècle$vPériodiques.
=772  0\$tArt press$x0245-5676
=780  00$tArt press / Hors série / Spécial
=785  00$tArt press. Hors série (2019)
=852  41$aBritish Library$bHMNTS$jRH.9.x.1779$3n. 1 (2006)-n 50 (2019)
=985  \\$aClosure information from ISSN France, who were told by the publishers that this title ceases with issue 52 and that no. 52 reverts to "Art Press hors-série".
=ACF  \\$aPrevious Copyright Fee: GBP4.00$c0$e01-oct-2008$fGBP4.00$g0$hC$5Uk
=ACF  \\$aPrevious copyright fee: GBP10.50$c0$e01-jan-2011$fGBP10.50$g0$hA$5Uk
=ACF  \\$aPrevious copyright fee: GBP12.00$c0$e01-jan-2012$fGBP12.00$g0$hA$5Uk
=ACF  \\$aPrevious Copyright Fee: GBP12.30$c0$e01-jan-2014$fGBP12.30$g0$hA$5Uk
=ACF  \\$aPrevious Copyright Fee: GBP15.00$c0$e01-jan-2017$fGBP15.00$g0$hA$5Uk
=ACF  \\$aPrevious Copyright Fee: GBP17.50$c0$e01-jan-2018$fGBP17.50$g0$hA$5Uk
=ACF  \\$aPrevious Copyright Fee: GBP20.00$c0$e01-jan-2020$fGBP20.00$g0$hA$5Uk
=CAT  \\$a8483$b40$c20080626$lBLL01$h1430
=CAT  \\$aBATCH-CLA$b00$c20080829$lBLL01$h1838
=CAT  \\$aBATCH-UPD$b00$c20081001$lBLL01$h0014
=CAT  \\$aBATCH$b00$c20081001$lBLL01$h0129
=CAT  \\$a10932$b40$c20100617$lBLL01$h1636
=CAT  \\$aBATCH-UPD$b40$c20101201$lBLL01$h1251
=CAT  \\$aIPL-CLA$c20101231$lBLL01$h1525
=CAT  \\$aWR11_203$c20111204$lBLL01$h1514
=CAT  \\$aIPL-CLA$c20111230$lBLL01$h2031
=CAT  \\$aBATCH-CLA$b00$c20121109$lBLL01$h1722
=CAT  \\$aBATCH-CLA$c20131220$lBLL01$h2058
=CAT  \\$aIPL-CLA$c20140101$lBLL01$h0056
=CAT  \\$aBATCH-CLA$b00$c20161222$lBLL01$h1823
=CAT  \\$aIPL-CLA$c20161230$lBLL01$h2307
=CAT  \\$aBATCH-CLA$b00$c20171222$lBLL01$h2150
=CAT  \\$aIPL-CLA$c20171231$lBLL01$h1735
=CAT  \\$a8483$b40$c20191122$lBLL01$h1131
=CAT  \\$a8483$b40$c20191211$lBLL01$h1208
=CAT  \\$aBATCH-CLA$b00$c20191219$lBLL01$h1747
=CAT  \\$aIPL-CLA$c20191231$lBLL01$h2006
=CAT  \\$aR2001-1524$c20200127$lBLL01$h2039
=CAT  \\$aBATCH-CLA$b00$c20201204$lBLL01$h1554
=CAT  \\$aIPL-CLA$c20201231$lBLL01$h2255
=CAT  \\$a8124$b40$c20220623$lBLL01$h1508
=CAT  \\$aBATCH-CLA$b00$c20221221$lBLL01$h1908
=CAT  \\$aIPL-CLA$c20221231$lBLL01$h2218
=CFI  0\$aCurrent Copyright Fee: GBP25.00$c0$e01-jan-2023$fGBP25.00$g0$hA$5Uk
=CFI  2\$aPrevious Copyright Fee: GBP22.50$c0$e01-jan-2021$fGBP22.50$g0$hA$5Uk
=FIN  \\$aY$d20080626
=FMT  \\$a  SE
=LAS  \\$aIPL-CLA$b00$c20221231$lBLL01$h2218
=LKR  \\$aPAR$b012439135$lBLL01$r78000$mArt press 2$nArt press. Hors série (1980)
=LKR  \\$aPAR$b009336110$lBLL01$r772$mArt press 2$nArt press (1980)
=SID  \\$aZ39$bOCLC
=TCO  \\$aFRA$bCFC$c008

