=LDR  02128caa a22005417a 4500
=001  014654662
=003  Uk
=005  20211231172621.0
=008  080627s2008\\\\ne\\\\\\\\\\\\100\0\eng\\
=040  \\$aUk$beng$cUk
=245  00$aInternational nuclear physics conference (INPC 2007) :$bproceedings of the 23rd international nuclear physics conference /$cedited by S. Nagamiya...[et al.].
=260  \\$bElsevier,$c2008.
=300  \\$a1 v.
=336  \\$atext$2rdacontent
=337  \\$aunmediated$2rdamedia
=338  \\$avolume$2rdacarrier
=540  \\$aCurrent copyright fee: GBP34.30$c5\1$5Uk
=591  \\$aSelected papers.
=653  1\$aINPC
=653  1\$aNuclear physics
=700  1\$aNagamiya, Shoji.
=852  41$aBritish Library$bDSC$j6182.010000$iv. 805
=856  \\$31850-9999$uhttp://www.elsevier.com/journals$xBLDSS
=985  \\$aNuclear physics A, ISSN 0375-9474 ; vol 805 2008
=CAT  \\$a7153$b40$c20080627$lBLL01$h1423
=CAT  \\$aBATCH-CLA$b00$c20130525$lBLL01$h1820
=CAT  \\$aBATCH-CLA$b00$c20140202$lBLL01$h0146
=CAT  \\$aBATCH-CLA$c20140226$lBLL01$h2042
=CAT  \\$aBLDSS-3PM$b00$c20141222$lBLL01$h1718
=CAT  \\$aBATCH-UPD$b00$c20171121$lBLL01$h1750
=CAT  \\$aBATCH-UPD$b00$c20171122$lBLL01$h0023
=CAT  \\$aIPL-CLA$c20171231$lBLL01$h1735
=CAT  \\$aBATCH-UPD$b00$c20190521$lBLL01$h1441
=CAT  \\$aBATCH-CLA$b00$c20190522$lBLL01$h0207
=CAT  \\$aBATCH-CLA$b00$c20190522$lBLL01$h0241
=CAT  \\$aIPL-CLA$c20190630$lBLL01$h1541
=CAT  \\$aBATCH-UPD$b00$c20211119$lBLL01$h1558
=CAT  \\$aBATCH-CLA$b00$c20211120$lBLL01$h0138
=CAT  \\$aBATCH-CLA$b00$c20211120$lBLL01$h0214
=CAT  \\$aIPL-CLA$c20211231$lBLL01$h1726
=CFI  0\$aCurrent copyright fee: GBP34.30$c5\1$e01-jan-2022$fGBP34.30$g0$hP$5Uk
=CFI  2\$aPrevious copyright fee: GBP32.84$c5\1$e01-jul-2019$fGBP32.84$g0$hP$5Uk
=CNF  \\$aInternational nuclear physics conference$n(23rd :$d2007 Jun :$cTokyo)
=FFP  \\$aY$bBLDSS-3PM
=FIN  \\$aY$d20080627
=FMT  \\$a  BK
=LAS  \\$aIPL-CLA$b00$c20211231$lBLL01$h1726
=TCO  \\$aNLD$bSTICHTING REPRORECHT$c008

