=LDR  04132cas a2200889 i 4500
=001  014683935
=003  Uk
=005  20211231154434.0
=006  m\\\\\\\\d\\\\\\\\
=007  cr\|||||||||||
=008  080804d19742006enkmr\p\s\\\\\0\\\a0eng\\
=022  \\$y0379-4172
=040  \\$aUk$beng$cUk$erda
=042  \\$aukblsr
=082  04$a576.505$223
=245  00$aActa genetica sinica.
=264  \1$a[Oxford?] :$bElsevier Ltd
=310  \\$aMonthly
=336  \\$atext$2rdacontent
=337  \\$acomputer$2rdamedia
=338  \\$aonline resource$2rdacarrier
=362  0\$a-volume 33, issue 12 (December 2006).
=362  1\$aPrint began in 1974
=540  \\$aCurrent copyright fee: GBP34.30$c5\1$5Uk
=588  \\$aDescription based on: Volume 33, issue 1 (January 2006); Title from journal contents page (ScienceDirect, viewed September 17, 2015).
=588  \\$aLatest issue consulted: volume 33, issue 12 (December 2006) (viewed September 17, 2015).
=710  2\$aZhongguo yi chuan xue hui,$eissuing body.
=710  2\$aZhongguo ke xue yuan.$bYi chuan yu fa yu sheng wu xue yan jiu yuan,$eissuing body.
=776  08$iAlso issued in print as:$tActa genetica sinica$x0379-4172
=785  00$tJournal of Genetics and Genomics$x1873-5533
=852  41$aBritish Library$bDSC$j0617.750000$3Volume 33:Issue 1(2006)-Volume 33:Issue 12(2006)***See ESTAR for full holdings.
=856  40$uhttp://www.sciencedirect.com/science/journal/03794172/33/1
=856  40$31850-9999$uhttp://www.elsevier.com/journals$xBLDSS
=945  \\$aActa genetica sinica -English edition-
=959  \\$fHeld but not currently received
=985  \\$aTreated as online version of #008898485. However, ISSN has it as online version of an intervening title change (possibly spurious) where parallel titles change position and English language begins to dominate. ISSN dates this change at 2006 but was actually a gradual process from 2003. Issues online available only for 2006, CS 17/9/15
=ACF  \\$aPrevious copyright fee: GBP19.00$c5\1$e04-aug-2008$fGBP19.00$g0$hP$5Uk
=ACF  \\$aPrevious copyright fee: GBP20.00$c5\1$e01-jan-2009$fGBP20.00$g0$hP$5Uk
=ACF  \\$aPrevious copyright fee: GBP21.00$c5\1$e01-jan-2012$fGBP21.00$g0$hP$5Uk
=ACF  \\$aPrevious copyright fee: GBP22.50$c5\1$e01-jan-2013$fGBP22.50$g0$hP$5Uk
=ACF  \\$aPrevious copyright fee: GBP23.40$c5\1$e01-jan-2018$fGBP23.40$g0$hP$5Uk
=CAT  \\$a8464$b40$c20080804$lBLL01$h1129
=CAT  \\$a8464$b40$c20080804$lBLL01$h1354
=CAT  \\$a5552$b40$c20080909$lBLL01$h1355
=CAT  \\$aBATCH-UPD$b40$c20081119$lBLL01$h1600
=CAT  \\$aBATCH-UPD$b40$c20081231$lBLL01$h2328
=CAT  \\$aBATCH-UPD$b40$c20090101$lBLL01$h0057
=CAT  \\$aBATCH$b00$c20090101$lBLL01$h0233
=CAT  \\$aWR10_164$c20101215$lBLL01$h1511
=CAT  \\$aBATCH-UPD$b00$c20111123$lBLL01$h1853
=CAT  \\$aIPL-CLA$c20111230$lBLL01$h2031
=CAT  \\$aBATCH-CLA$b00$c20121109$lBLL01$h1722
=CAT  \\$aBATCH-UPD$b00$c20121121$lBLL01$h1659
=CAT  \\$aIPL-CLA$c20121231$lBLL01$h1325
=CAT  \\$aIPL-CLA$c20130102$lBLL01$h1757
=CAT  \\$aBLDSS-3PM$b00$c20141222$lBLL01$h1718
=CAT  \\$a8124$b40$c20150917$lBLL01$h1220
=CAT  \\$a8124$b40$c20150917$lBLL01$h1230
=CAT  \\$a8124$b40$c20150917$lBLL01$h1233
=CAT  \\$aBATCH-UPD$b40$c20170304$lBLL01$h1228
=CAT  \\$aBATCH-UPD$b40$c20171121$lBLL01$h1750
=CAT  \\$aIPL-CLA$c20171231$lBLL01$h1736
=CAT  \\$aBATCH-UPD$b00$c20190521$lBLL01$h1442
=CAT  \\$aIPL-CLA$c20190630$lBLL01$h1541
=CAT  \\$aBATCH-UPD$b00$c20211119$lBLL01$h1558
=CAT  \\$aIPL-CLA$c20211231$lBLL01$h1544
=CFI  0\$aCurrent copyright fee: GBP34.30$c5\1$e01-jan-2022$fGBP34.30$g0$hP$5Uk
=CFI  2\$aPrevious copyright fee: GBP32.84$c5\1$e01-jul-2019$fGBP32.84$g0$hP$5Uk
=EST  \\$a1
=FFP  \\$aY$bBLDSS-3PM
=FIN  \\$aY$d20150917
=FMT  \\$a  SE
=LAS  \\$aIPL-CLA$b00$c20211231$lBLL01$h1544
=LKR  \\$aPAR$b008898485$lBLL01$nActa genetica sinica (Print)$mActa genetica sinica (Online)$r776
=MNI  \\$a0379-4172
=TCO  \\$aZZZ$c008
=TOC  \\$aETOC

