=LDR  02303 as a2200625 a 4500
=001  014701498
=003  Uk
=005  20130726103706.0
=006  m\\\\\\\\d\|\\\\\\
=007  cr||||||||||||
=008  080826d20082013enkwr\p\s\\\\\0\\\a0eng\\
=015  \\$aGBA8A2572$2bnb
=040  \\$aUk$beng$cUk$dUk
=042  \\$aukblsr
=082  04$a363.70094105$222
=245  00$aBarbour environment briefing$h[electronic resource].
=246  13$aBarbour briefing. Environment
=246  13$aEnvironment briefing
=246  1\$iemail subject line:$aBarbour current awareness briefing environment
=246  1\$iAlso known as:$aEMB
=260  \\$aAscot :$bBarbour,$c2008-[2013]
=336  \\$atext$2rdacontent
=337  \\$acomputer$2rdamedia
=338  \\$aonline resource$2rdacarrier
=362  0\$aIssue 3308 (June 08)-
=362  1\$aCeased with June 24, 2013 issue.
=500  \\$aTitle from PDF caption (email, sent 22 Aug. 2006).
=538  \\$aMode of access: email.
=538  \\$aSystem requirements: Adobe Acrobat Reader.
=650  \0$aEnvironmental protection$zGreat Britain$vPeriodicals.
=710  2\$aBarbour (Firm)
=780  07$tBarbour briefing
=785  00$tBarbour briefing. Environment & energy briefing
=852  41$aBritish Library$bSTI$jELD Digital store$3(2013:Apr. 08)-(2013:Jun. 24)
=856  00$umailto:Barbour-hsbrief@cmpi.biz$zTo subscribe
=859  \\$aELD$bejournal
=985  \\$aISSN not assigned - after discussion with ISSN -UK
=CAT  \\$a3072$b40$c20080826$lBLL01$h1410
=CAT  \\$a3072$b40$c20080826$lBLL01$h1558
=CAT  \\$a3072$b40$c20080826$lBLL01$h1610
=CAT  \\$a3072$b40$c20080826$lBLL01$h1621
=CAT  \\$a3072$b40$c20080826$lBLL01$h1627
=CAT  \\$a3072$b40$c20080826$lBLL01$h1628
=CAT  \\$a11433$b40$c20130416$lBLL01$h1638
=CAT  \\$aWR13.114$c20130717$lBLL01$h1314
=CAT  \\$a11316$b40$c20130726$lBLL01$h1037
=CAT  \\$aWR14_072$c20140608$lBLL01$h1426
=CAT  \\$aWR14_140$c20140905$lBLL01$h1820
=CAT  \\$aWR15_120$c20150910$lBLL01$h1825
=CAT  \\$aW1711-1005$c20171206$lBLL01$h1821
=FIN  \\$aY$d20080826
=FMT  \\$a  SE
=LAS  \\$aW1711-1005$b00$c20171206$lBLL01$h1821
=LKR  \\$aPAR$b013515769$lBLL01$r78007$mBarbour environment briefing$nBarbour briefing
=TCO  \\$aCLA$bCLA$c008

