=LDR  02143 as a2200589 a 4500
=001  014701573
=003  Uk
=005  20191204165044.0
=006  m\\\\\\\\d\|\\\\\\
=007  cr||||||||||||
=008  080826d20082019enkwr\p\s\\\\\0\\\a0eng\\
=015  \\$aGBA8A2580$2bnb
=040  \\$aUk$beng$cUk$dUk
=042  \\$aukblsr
=082  04$a363.11094105$222
=245  00$aBarbour health & safety briefing$h[electronic resource].
=246  13$aBarbour briefing. Health & safety
=246  13$aHealth & safety
=246  1\$iemail subject line:$aBarbour current awareness briefing health & safety
=260  \\$aAscot :$bBarbour,$c2008-[2019]
=336  \\$atext$2rdacontent
=337  \\$acomputer$2rdamedia
=338  \\$aonline resource$2rdacarrier
=362  0\$aIssue 3308 (June 08)-
=362  1\$aCeased in 2019.
=500  \\$aTitle from PDF caption (email, sent 22 Aug. 2006).
=538  \\$aMode of access: email.
=538  \\$aSystem requirements: Adobe Acrobat Reader.
=650  \0$aIndustrial safety$zGreat Britain$vPeriodicals.
=650  \0$aIndustrial hygiene$zGreat Britain$vPeriodicals.
=710  2\$aBarbour (Firm)
=780  07$tBarbour briefing
=785  00$tNews. Health and safety
=852  41$aBritish Library$bSTI$jELD Digital store$3(2013:Apr. 08)-(2019:Oct. 14)
=856  00$umailto:Barbour-hsbrief@cmpi.biz$zTo subscribe
=859  \\$aELD$bejournal
=985  \\$aISSN not assigned - after discussion with ISSN -UK
=CAT  \\$a3072$b40$c20080826$lBLL01$h1443
=CAT  \\$a3072$b40$c20080826$lBLL01$h1624
=CAT  \\$a3072$b40$c20080826$lBLL01$h1628
=CAT  \\$a11433$b40$c20130416$lBLL01$h1629
=CAT  \\$aWR13.114$c20130717$lBLL01$h1314
=CAT  \\$aWR14_072$c20140608$lBLL01$h1426
=CAT  \\$aWR14_140$c20140905$lBLL01$h1820
=CAT  \\$aWR15_120$c20150910$lBLL01$h1825
=CAT  \\$aW1711-1005$c20171205$lBLL01$h2211
=CAT  \\$a3072$b40$c20191204$lBLL01$h1650
=FIN  \\$aY$d20080826
=FMT  \\$a  SE
=LAS  \\$a3072$b40$c20191204$lBLL01$h1650
=LKR  \\$aPAR$b013515769$lBLL01$r78007$mBarbour health & safety briefing$nBarbour briefing
=TCO  \\$aCLA$bCLA$c008

