=LDR  01892 ai a2200529 a 4500
=001  014756025
=003  Uk
=005  20121205152433.0
=007  td
=008  080918d2002200uenkuu\l\\f\\\\0\\\a2eng\\
=015  \\$aGBA8B0659$2bnb
=020  \\$c£495.00 (loose-leaf)
=022  0\$a1753-9781
=040  \\$aUk$beng$cUk$dUk
=042  \\$aukblsr
=082  04$a343.09944$222
=130  0\$aE-commerce (London, England : 2002)
=222  \0$aE-commerce$b(London. 2002. Print)
=245  10$aE-commerce /$cBaker & McKenzie.
=246  17$aE-commerce practice manual
=246  13$aPLC practice manual e-commerce
=246  13$aPractical Law Company practice manual e-commerce
=260  \\$aLondon :$bPractical Law Company,$c2002-
=300  \\$av. (loose-leaf) ;$c31 cm.
=336  \\$atext$2rdacontent
=337  \\$aunmediated$2rdamedia
=338  \\$avolume$2rdacarrier
=490  1\$aPLC practice manuals
=500  \\$aDescription based on: Work updated to 2007.
=540  \\$aBritish Library not licensed to copy$c0$5Uk
=650  \0$aElectronic commerce$xLaw and legislation$vHandbooks, manuals, etc.
=710  2\$aBaker & McKenzie.
=776  0\$tE-commerce$c(London. 2002. Online)$x1753-979X
=830  \0$aPLC practice manuals
=852  41$aBritish Library$bHMNTS$jZC.9.d.629$32007-v. 2 (2007)
=985  \\$aINTEGRATING RESOURCE - PLEASE DO NOT MERGE THIS RECORD WITH ISSN RECORD
=CAT  \\$a8124$b40$c20080918$lBLL01$h0923
=CAT  \\$aBATCH$b00$c20091217$lBLL01$h0535
=CAT  \\$aBATCH$b00$c20100103$lBLL01$h1326
=CAT  \\$a8201$b40$c20121205$lBLL01$h1524
=CAT  \\$aBATCH-CLA$b00$c20131129$lBLL01$h1704
=CAT  \\$aIPL-CLA$c20140101$lBLL01$h0100
=CFI  0\$aBritish Library not licensed to copy$c0$e01-jan-2014$hC$iCFP Excluded$5Uk
=FIN  \\$aY$d20080918
=FMT  \\$a  SE
=LAS  \\$aIPL-CLA$b00$c20140101$lBLL01$h0100
=TCO  \\$aCLA$bCLA$c008

