=LDR  03162cas a2200805 a 4500
=001  014785128
=003  Uk
=005  20230214113420.0
=006  m\\\\\\\\d\|\\\\\\
=007  cr||||||||||||
=008  081023d20102015sz\\x\p\s\\\\\0\\\a0eng\\
=015  \\$aGBB0D5096$2bnb
=022  0\$a1759-2208
=040  \\$aUk$beng$cUk
=042  \\$aukblsr
=082  04$a570$222
=210  0\$aJ. syst. chem.
=222  \0$aJournal of systems chemistry
=245  00$aJournal of systems chemistry$h[electronic resource].
=260  \\$aLondon :$bBiomed Central,$c2010-
=264  31$a[Zurich] :$b[Natural & Life Sciences]
=336  \\$atext$2rdacontent
=337  \\$acomputer$2rdamedia
=338  \\$aonline resource$2rdacarrier
=362  0\$a1:1 (18 Aug. 2010)-
=500  \\$aTitle from PDF caption (publisher's Web site, viewed Nov. 11, 2010).
=515  \\$aArticles added consecutively to current annual vol.
=538  \\$aMode of access: World Wide Web.
=540  \\$aCurrent Copyright Fee: zero$c22\1$5Uk
=650  \0$aBiochemistry$vPeriodicals.
=650  \0$aChemical systems$vPeriodicals.
=650  \0$aBioorganic chemistry$vPeriodicals.
=650  \0$aSupramolecular chemistry$vPeriodicals.
=710  2\$aBioMed Central Ltd.
=852  41$aBritish Library$bHMNTS$jELD Digital store
=856  \\$31850-9999$uhttp://link.springer.com/$xBLDSS
=856  4\$uhttp://www.jsystchem.com/$zLink no longer valid
=856  40$uhttp://nls-publishers.com/shop/journal+of+systems+chemistry
=859  \\$aELD$bejournal
=945  \\$aJournal of systems chemistry
=979  \\$aBritish Library$bDSC$j5068.068000N
=985  \\$aLegal Deposit ejournals
=985  \\$a"What systems chemistry exactly is will be known in a few years from now when one is able to sketch the scope and vision of the field also based on upcoming contributions to our journal" - editorial.
=985  \\$aRecord updated on basis of scans of print volume 7 (2019) received via email from ISSN Switzerland (20/06/19)
=985  \\$aISSN transferred from UK to Switzerland (25/06/19)
=CAT  \\$a7152$b40$c20081023$lBLL01$h1430
=CAT  \\$a11130$b40$c20100107$lBLL01$h1502
=CAT  \\$a3072$b40$c20101111$lBLL01$h1344
=CAT  \\$a3072$b40$c20101111$lBLL01$h1345
=CAT  \\$a3072$b40$c20101111$lBLL01$h1352
=CAT  \\$a3072$b40$c20120518$lBLL01$h1135
=CAT  \\$aWR14.047$c20140417$lBLL01$h1645
=CAT  \\$aW1711-1005$c20171206$lBLL01$h1821
=CAT  \\$a10806$b40$c20190625$lBLL01$h1332
=CAT  \\$a10806$b40$c20190625$lBLL01$h1334
=CAT  \\$a10806$b40$c20190625$lBLL01$h1336
=CAT  \\$a10806$b40$c20190625$lBLL01$h1355
=CAT  \\$a10806$b40$c20190625$lBLL01$h1425
=CAT  \\$a5552$b40$c20210625$lBLL01$h1007
=CAT  \\$aBLDSS-3PM$b00$c20210708$lBLL01$h0857
=CAT  \\$aBATCH-UPD$b00$c20210708$lBLL01$h0902
=CAT  \\$a7764$b40$c20230214$lBLL01$h1134
=CFI  0\$aCurrent copyright fee: zero$c22\1$e25-jun-2021$fGBP0.00$g0$hP$5Uk
=FFP  \\$aY$bBLDSS-3PM
=FIN  \\$aY$d20101111
=FMT  \\$a  SE
=LAS  \\$a7764$b40$c20230214$lBLL01$h1134
=TCO  \\$aCLA$bCLA$c008
=TOC  \\$aETOC
=UNO  \\$aY

