=LDR  04659cas a2201057 a 4500
=001  014786452
=003  Uk
=005  20221231144935.0
=006  m\\\\\\\\d\\\\\\\\
=007  cr\|||||||||||
=008  081027c20089999xx\br\pss\\\\\0\\\a0eng\\
=015  \\$aGBB349176$2bnb
=022  \\$a1940-1744
=037  \\$aISSN_19401736$bPortico$nInforma Healthcare
=037  3\$aISSN_19401736_21$bPortico$nTaylor & Francis
=040  \\$aUk$beng$cUk$dUk
=042  \\$aukblsr
=082  04$a572.869$222
=130  0\$aMitochondrial DNA (Online)
=245  10$aMitochondrial DNA$h[electronic resource].
=260  \\$a[S.l.] :$bInforma Healthcare,$c2008-
=310  \\$aBimonthly
=336  \\$atext$2rdacontent
=337  \\$acomputer$2rdamedia
=338  \\$aonline resource$2rdacarrier
=530  \\$aAlso available in print.
=538  \\$aMode of access: World Wide Web.
=540  \\$aCurrent copyright fee: GBP43.00$c2\0$5Uk
=580  \\$aIncludes issues of earlier title: DNA sequence.
=588  \\$aDescription based on: Vol. 19, no. 4 (2008); title from journal home page (Informa Healthcare, viewed Feb. 23, 2011).
=588  \\$aLatest issue consulted: volume 24, number 2 (April 2013) (viewed April 24, 2013).
=650  \0$aMitochondrial DNA$vPeriodicals.
=650  \0$aMitochondrial DNA$xAbnormalities$vPeriodicals.
=650  \0$aNucleotide sequence$vPeriodicals.
=650  \0$aGene mapping$vPeriodicals.
=776  1\$tMitochondrial DNA$x1940-1736
=780  00$tDNA sequence (Online)
=852  41$aBritish Library$bHMNTS$jELD Digital store$3Volume 24:Number 1(2013:Feb.)-Volume 26:Number 6(2015:Dec.)***Previous issues available in print copy
=852  41$aBritish Library$bDSC$j5829.770500$3Volume 19:Issue 4(2008)-Volume 22:Issue 4(2011)***See ESTAR for full holdings.
=856  \\$31850-9999$uhttp://informahealthcare.com$xBLDSS
=856  40$uhttp://informahealthcare.com/loi/mdn
=859  \\$aELD$bejournal
=945  \\$aMitochondrial DNA
=959  \\$fHeld but not currently received
=985  \\$aISSN record is Work level on OCLC therefore 222 Key title field is not included in this record.
=ACF  \\$aCurrent copyright fee: GBP15.00$c2\1$e27-oct-2008$fGBP15.00$g0$hP$5Uk
=ACF  \\$aPrevious copyright fee: GBP29.00$c45\0$e10-nov-2009$fGBP29.00$g0$hP$5Uk
=ACF  \\$aPrevious copyright fee: GBP33.00$c45\0$e01-apr-2015$fGBP33.00$g0$hP$5Uk
=ACF  \\$aPrevious copyright fee: GBP34.00$c45\0$e01-jan-2016$fGBP34.00$g0$hP$5Uk
=ACF  \\$aPrevious copyright fee: GBP31.00$c2\0$e01-apr-2016$fGBP31.00$g0$hP$5Uk
=ACF  \\$aPrevious copyright fee: GBP33.00$c2\0$e01-jan-2017$fGBP33.00$g0$hP$5Uk
=ACF  \\$aPrevious copyright fee: GBP35.00$c2\0$e01-jan-2018$fGBP35.00$g0$hP$5Uk
=ACF  \\$aPrevious copyright fee: GBP37.00$c2\0$e01-jan-2019$fGBP37.00$g0$hP$5Uk
=ACF  \\$aPrevious copyright fee: GBP39.00$c2\0$e01-jan-2020$fGBP39.00$g0$hP$5Uk
=CAT  \\$a8464$b40$c20081027$lBLL01$h1049
=CAT  \\$a5552$b40$c20150209$lBLL01$h1534
=CAT  \\$aIPL-CLA$c20150331$lBLL01$h1659
=CAT  \\$aBATCH-UPD$b00$c20151119$lBLL01$h1600
=CAT  \\$a14448$b40$c20151205$lBLL01$h0826
=CAT  \\$aIPL-CLA$c20151231$lBLL01$h1929
=CAT  \\$a14448$b40$c20160204$lBLL01$h1051
=CAT  \\$a14448$b40$c20160205$lBLL01$h1000
=CAT  \\$a5552$b40$c20160303$lBLL01$h0849
=CAT  \\$aIPL-CLA$c20160331$lBLL01$h1752
=CAT  \\$a11433$b40$c20160418$lBLL01$h1223
=CAT  \\$aBATCH-UPD$b40$c20160522$lBLL01$h2350
=CAT  \\$aBATCH-UPD$b40$c20160524$lBLL01$h2149
=CAT  \\$aBATCH-UPD$b40$c20161122$lBLL01$h1506
=CAT  \\$aIPL-CLA$c20161230$lBLL01$h2313
=CAT  \\$aBATCH-UPD$b00$c20171121$lBLL01$h1656
=CAT  \\$aW1711-1005$c20171206$lBLL01$h1821
=CAT  \\$aIPL-CLA$c20171231$lBLL01$h1738
=CAT  \\$aBATCH-UPD$b00$c20181217$lBLL01$h1645
=CAT  \\$aIPL-CLA$c20181231$lBLL01$h1548
=CAT  \\$aBATCH-UPD$b00$c20191122$lBLL01$h1907
=CAT  \\$aIPL-CLA$c20191231$lBLL01$h2007
=CAT  \\$aBATCH-UPD$b00$c20201118$lBLL01$h1341
=CAT  \\$aIPL-CLA$c20201231$lBLL01$h1531
=CAT  \\$aBATCH-UPD$b00$c20221121$lBLL01$h1340
=CAT  \\$aIPL-CLA$c20221231$lBLL01$h1449
=CFI  0\$aCurrent copyright fee: GBP43.00$c2\0$e01-jan-2023$fGBP43.00$g0$hP$5Uk
=CFI  2\$aPrevious copyright fee: GBP41.00$c2\0$e01-jan-2021$fGBP41.00$g0$hP$5Uk
=EST  \\$a1
=FFP  \\$aY$bBLDSS-3PM
=FIN  \\$aY$d20110223
=FMT  \\$a  SE
=LAS  \\$aIPL-CLA$b00$c20221231$lBLL01$h1449
=LKR  \\$aPAR$b013352105$lBLL01$nDNA sequence$mMitochondrial DNA$r78000
=MNI  \\$a1940-1736
=TCO  \\$aXXX$c008
=TOC  \\$aETOC

