=LDR  02016cas a22005418a 4500
=001  014838765
=003  Uk
=005  20230426110951.0
=007  ta
=008  081127d2009200uenkfr\p\\\\\\\0\\\a0eng\\
=022  0\$a1759-7153$202
=040  \\$aUk$beng$cUk
=222  \0$aBioscience horizons$b(Print)
=245  00$aBioscience horizons (Print)
=260  \\$aOxford :$bOxford Journals
=263  \\$a200903
=310  \\$aAnnual
=336  \\$atext$2rdacontent
=337  \\$aunmediated$2rdamedia
=338  \\$avolume$2rdacarrier
=540  \\$aCurrent copyright fee: zero$c29\0$5Uk
=776  0\$tBioscience horizons$x1754-7431
=852  41$aBritish Library$bHMNTS$jZK.9.b.27484$3Vol. 2, issue 1 (2009)
=856  \\$31850-9999$uhttp://ukcatalogue.oup.com/$xBLDSS
=945  \\$aBioscience horizons.
=979  \\$aBritish Library$bDSC$j2089.611485N
=985  \\$aISSN UK Centre note: 776 field removed from record as print version is still pre-pub - online record (ISSN 1754-7431) is completed. Please add 776 fields to both records when completing this ISSN. ISSN UK, 17.10.2009
=CAT  \\$a6537$b40$c20081127$lBLL01$h1015
=CAT  \\$a5552$b40$c20091106$lBLL01$h1134
=CAT  \\$aISSN$b40$c20091217$lBLL01$h0950
=CAT  \\$aBATCH-UPD$b40$c20091231$lBLL01$h1831
=CAT  \\$aBATCH$b00$c20091231$lBLL01$h1851
=CAT  \\$a7792$b40$c20101125$lBLL01$h1444
=CAT  \\$a8323$b40$c20140117$lBLL01$h0924
=CAT  \\$a8323$b40$c20140117$lBLL01$h0935
=CAT  \\$aBLDSS-3PM$b00$c20141208$lBLL01$h1627
=CAT  \\$aBATCH-UPD$b00$c20160413$lBLL01$h1823
=CAT  \\$aBATCH-UPD$b00$c20160524$lBLL01$h2213
=CAT  \\$aBATCH-UPD$b00$c20160525$lBLL01$h0038
=CAT  \\$a5552$b40$c20161202$lBLL01$h1438
=CAT  \\$aBATCH-SUPP$c20230426$lBLL01$h1109
=CFI  0\$aCurrent copyright fee: zero$c29\0$e01-jan-2010$fGBP0.00$g0$hP$5Uk
=FFP  \\$aY$bBLDSS-3PM
=FMT  \\$a  SE
=LAS  \\$aBATCH-SUPP$b00$c20230426$lBLL01$h1109
=TCO  \\$aCLA$bCLA$c008
=TOC  \\$aETOC
=UNO  \\$aY

