=LDR  01591 as a2200421 i 4500
=001  014848568
=003  Uk
=005  20170110163135.0
=007  ta
=008  081204d200520uuenkmr\p\\\\\\\0\\\a0eng\\
=022  0\$y1777-0459
=040  \\$aUk$beng$cUk$erda
=042  \\$aukblsr
=082  04$a796.8$223
=245  00$aFightsport.
=246  3\$aFight sport
=264  31$aLondon :$bPublished and distributed by UK Distribution Services Ltd,$c2008-
=300  \\$billustrations (colour) ;$c30 cm
=310  \\$aMonthly
=336  \\$atext$2rdacontent
=337  \\$aunmediated$2rdamedia
=338  \\$avolume$2rdacarrier
=362  0\$aIssue 1 (October 2008)-
=650  \0$aMixed martial arts$vPeriodicals.
=852  \\$aBritish Library$bHMNTS$jZK.9.b.27542$3Issue 1 (October 2008)-issue 12 (September 2009).
=985  \\$aISSN UK Centre: published under licence from French publisher but unable to confirm if this is a relaunch of the 'English ed.' and was previously published in France or if this is a separate UK published edition. Publisher has used French assigned ISSN so no UK ISSN assigned.
=CAT  \\$a8478$b40$c20081204$lBLL01$h1343
=CAT  \\$a8478$b40$c20081204$lBLL01$h1405
=CAT  \\$a10960$b40$c20090507$lBLL01$h0840
=CAT  \\$a11296$b40$c20100311$lBLL01$h1155
=CAT  \\$a11296$b40$c20100311$lBLL01$h1156
=CAT  \\$a11296$b40$c20100311$lBLL01$h1159
=CAT  \\$a8201$b40$c20120412$lBLL01$h0908
=CAT  \\$a10973$b40$c20170110$lBLL01$h1631
=FIN  \\$aY$d20170110
=FMT  \\$a  SE
=LAS  \\$a10973$b40$c20170110$lBLL01$h1631
=TCO  \\$aZZZ$c008

