=LDR  02803 as a2200649 a 4500
=001  014856259
=003  Uk
=005  20120130090821.0
=007  hd\afa015bacu
=008  081215d19952008enkwr\nea\\\\\0\\\a0eng\\
=022  1\$y1759-9067$y0966-5870
=040  \\$aUk$beng$cUk$dUk
=042  \\$aukblsr
=082  04$a072.51$222
=130  0\$aDerbyshire times (Chesterfield/Clay Cross edition)
=222  \0$aDerbyshire times$b(Chesterfield/Clay Cross ed.)
=245  10$aDerbyshire times$h[microform].
=250  \\$aChesterfield/Clay Cross [ed.].
=260  \\$aChesterfield :$bDerbyshire Times Newspaper Group,$c1995-2008.
=300  \\$av. :$bcol. ill., col. ports. ;$c37 cm.
=310  \\$aWeekly
=336  \\$atext$2rdacontent
=337  \\$amicroform$2rdamedia
=338  \\$amicrofilm reel$2rdacarrier
=362  0\$aJan. 12, 1995-Aug. 21, 2008.
=500  \\$aDescription based on: Aug. 7, 2008 issue.
=500  \\$aFinal issue consulted.
=533  \\$aMicrofilm.$bLondon :$cBritish Library,$d-2009.$e35 mm.$nMicrofilm includes changed pages of related editions, July 1999-
=651  \0$aChesterfield (England)$vNewspapers.
=651  \0$aClay Cross (England)$vNewspapers.
=651  \0$aDerbyshire (England)$vNewspapers.
=752  \\$aEngland$bDerbyshire$dChesterfield.$2blnpn
=780  00$tDerbyshire times (Chesterfield edition)$x0966-5889
=785  00$tDerbyshire times (North Derbyshire edition)$x1759-9075
=852  41$31995-2008$aBritish Library$bHMNTS$zMicroform.$jMFM.SP1194
=866  \\$aNewspapers :12 Jan. 1995-21 Aug. 2008 ; Microfilm holdings only
=985  \\$aExisting ISSN record for "Derbyshire times" (010820361), unable to reconcile with this edition. Also item printing wrong ISSN, new ISSN allocated (but publisher not informed).
=CAT  \\$a5997$b40$c20081215$lBLL01$h1320
=CAT  \\$a5997$b40$c20081215$lBLL01$h1324
=CAT  \\$a5997$b40$c20090112$lBLL01$h0842
=CAT  \\$a8128$b40$c20090814$lBLL01$h1214
=CAT  \\$a8323$b40$c20100706$lBLL01$h1358
=CAT  \\$a8323$b40$c20100706$lBLL01$h1400
=CAT  \\$a8323$b40$c20100706$lBLL01$h1533
=CAT  \\$a8323$b40$c20100712$lBLL01$h0845
=CAT  \\$aNPL-008-N$c20110504$lBLL01$h2228
=CAT  \\$aADD-NID$b00$c20110805$lBLL01$h1430
=CAT  \\$a8201$b40$c20120130$lBLL01$h0908
=CAT  \\$aNPL-LOCK$b77$c20140207$lBLL01$h2218
=CAT  \\$c20140214$lBLL01$h1747
=FIN  \\$aY$d20081215
=FMT  \\$a  SE
=LAS  \\$c20140214$lBLL01$h1747
=LKR  \\$aPAR$b014856192$lBLL01$nDerbyshire times (Chesterfield/Clay Cross ed. : Print)$mDerbyshire times (Chesterfield/Clay Cross ed. : Microfilm)$r776
=LKR  \\$aPAR$b013894304$lBLL01$nDerbyshire times (Chesterfield)$mDerbyshire times (Chesterfield/Clay Cross)$r78000
=NID  \\$aNID0033330
=TCO  \\$aCLA$bCLA$c008

