=LDR  02742 as a2200613 a 4500
=001  014856283
=003  Uk
=005  20150323095121.0
=007  hd\afa015bacu
=008  081215d20082015enkwr\nea\\\\\0\\\a0eng\\
=022  1\$a1759-9075$y0966-5870
=040  \\$aUk$beng$cUk$dUk
=042  \\$aukblsr
=082  04$a072.51$222
=130  0\$aDerbyshire times (North Derbyshire edition)
=222  \0$aDerbyshire times$b(North Derbyshire ed.)
=245  10$aDerbyshire times$h[microform].
=250  \\$aNorth Derbyshire ed.
=260  \\$aChesterfield :$bDerbyshire Times Newspaper Group,$c2008-2015.
=300  \\$amicrofilm reels :$billustrations (black and white)
=310  \\$aWeekly
=336  \\$atext$2rdacontent
=337  \\$amicroform$2rdamedia
=338  \\$amicrofilm reel$2rdacarrier
=362  0\$aAug. 28, 2008-Thursday February 26, 2015.
=525  \\$aIncludes property supplement.
=533  \\$aMicrofilm.$bLondon :$cBritish Library,$d2009-$e35 mm.$m2008-2009.$nMicrofilm includes changed pages of related editions.
=651  \0$aChesterfield (England)$vNewspapers.
=651  \0$aDerbyshire (England)$vNewspapers.
=780  00$tDerbyshire times (Chesterfield/Clay Cross edition)$x1759-9067
=785  00$tDerbyshire times (2015)$bChesterfield edition$x2058-8046
=852  41$32008-2009$aBritish Library$bHMNTS$zMicroform.$jMFM.SP1194
=866  \\$aNewspapers: 28 Aug. 2008-26 Feb. 2015; Microfilm holdings only. Some issues are held in print only. See separate record for print holdings.
=985  \\$aExisting ISSN record for "Derbyshire times" (010820361), unable to reconcile with this edition. Also item printing wrong ISSN, new ISSN allocated (but publisher not informed).
=CAT  \\$a5997$b40$c20081215$lBLL01$h1340
=CAT  \\$a5997$b40$c20090112$lBLL01$h0843
=CAT  \\$a8323$b40$c20100128$lBLL01$h1328
=CAT  \\$a5997$b40$c20100615$lBLL01$h1600
=CAT  \\$a8323$b40$c20100706$lBLL01$h1547
=CAT  \\$a8323$b40$c20100706$lBLL01$h1549
=CAT  \\$a8323$b40$c20100712$lBLL01$h0846
=CAT  \\$aNPL-008-N$c20110504$lBLL01$h2228
=CAT  \\$aADD-NID$b00$c20110805$lBLL01$h1430
=CAT  \\$aNPL-LOCK$b77$c20140207$lBLL01$h2218
=CAT  \\$c20140214$lBLL01$h1747
=CAT  \\$a8323$b40$c20150319$lBLL01$h1430
=CAT  \\$a8323$b40$c20150323$lBLL01$h0951
=FIN  \\$aY$d20081215
=FMT  \\$a  SE
=LAS  \\$a8323$b40$c20150323$lBLL01$h0951
=LKR  \\$aPAR$b014856259$lBLL01$nDerbyshire times (Chesterfield/Clay Cross ed.)$mDerbyshire times (North Derbyshire ed.)$r78000
=LKR  \\$aPAR$b014856279$lBLL01$nDerbyshire times (North Derbyshire ed. : Print)$mDerbyshire times (North Derbyshire ed. : Microfilm)$r776
=NID  \\$aNID0001154
=TCO  \\$aCLA$bCLA$c008

