=LDR  01480 as a2200457 a 4500
=001  014858665
=003  Uk
=005  20130220114632.0
=007  ta
=008  081217d2007201uie\mr\p\\\\\\\0\\\a0eng\\
=015  \\$aGBA8E1980$2bnb
=022  0\$a1649-9506
=040  \\$aUk$beng$cUk
=042  \\$aukblsr
=082  04$a792.809417$222
=222  \0$aDance Ireland news
=245  00$aDance Ireland news.
=260  \\$aDublin :$bDance Ireland
=300  \\$av. :$bill. (some col.) ;$c21 cm.
=310  \\$aMonthly
=336  \\$atext$2rdacontent
=337  \\$aunmediated$2rdamedia
=338  \\$avolume$2rdacarrier
=362  1\$aBegan with Jan. 2007 issue; ceased in 2011?
=500  \\$aDescription based on: Aug. 2007 issue.
=610  20$aDance Ireland$vPeriodicals.
=650  \0$aDance$zIreland$vPeriodicals.
=710  2\$aAssociation of Professional Dancers in Ireland.
=710  2\$aDance Ireland.
=780  00$tProdance news$x1649-9492
=852  41$aBritish Library$bHMNTS$jZC.9.a.8224$3Jan. (2007)-May (2011)
=985  \\$aNB.Dance Ireland candidated as per the heading in the ISSN record on the Portal.
=CAT  \\$a8483$b40$c20081217$lBLL01$h1218
=CAT  \\$a12179$b40$c20081219$lBLL01$h0829
=CAT  \\$a7778$b40$c20130220$lBLL01$h1146
=CAT  \\$aWR14_140$c20140905$lBLL01$h1821
=CAT  \\$aBATCH-UPD$b00$c20151116$lBLL01$h0132
=FIN  \\$aY$d20081217
=FMT  \\$a  SE
=LAS  \\$aBATCH-UPD$b00$c20151116$lBLL01$h0132
=TCO  \\$aIRL$bICLA$c008

