=LDR  02237 as a2200613 a 4500
=001  014868654
=003  Uk
=005  20120201090054.0
=007  hd\afa015bacu
=008  090105d19uu2007enkwr\nea\\\\\0\\\a0eng\\
=022  \\$y1759-8699$y0962-760X
=040  \\$aUk$beng$cUk
=042  \\$aukblsr
=082  04$a072.357$222
=222  \0$aColyton advertiser
=245  00$aColyton advertiser$h[microform] :$bnews from Colyton, Colyton & District.
=246  17$aWeekly news & advertiser
=260  \\$aAxminster :$bTindle Newspapers
=260  3\$3-2007$aAxminster :$bPulman's Weekly News
=300  \\$av. :$bill., ports.
=310  \\$aWeekly
=336  \\$atext$2rdacontent
=337  \\$amicroform$2rdamedia
=338  \\$amicrofilm reel$2rdacarrier
=362  0\$a- Jul. 11, 2007.
=490  0\$aDevon, Dorset and Somerset Series of Newspapers Ltd
=500  \\$aDescription based on: Apr. 13th, 2005 issue.
=500  \\$aFinal issue consulted.
=533  \\$aMicrofilm.$bLondon :$cBritish Library,$d2008$e35 mm.
=651  \0$aColyton (England)$vNewspapers.
=651  \0$aDevon (England)$vNewspapers.
=752  \\$aEngland$bDevon$dColyton.$2blnpn
=852  41$32005-2007$aBritish Library$bHMNTS$zMicroform.$jMFM.SP2753
=866  \\$aNewspapers :13 Apr. 2005-11 July 2007 ; Microfilm holdings only. See separate record for print holdings
=985  \\$aItem printing wrong ISSN, new ISSN allocated (but publisher not informed).
=CAT  \\$a5997$b40$c20090105$lBLL01$h1450
=CAT  \\$a5997$b40$c20090105$lBLL01$h1547
=CAT  \\$a5997$b40$c20090105$lBLL01$h1557
=CAT  \\$a5997$b40$c20090105$lBLL01$h1604
=CAT  \\$a7416$b40$c20090106$lBLL01$h1154
=CAT  \\$a5997$b40$c20090114$lBLL01$h1046
=CAT  \\$a10932$b40$c20091203$lBLL01$h1132
=CAT  \\$aNPL-008-N$c20110504$lBLL01$h2228
=CAT  \\$aADD-NID$b00$c20110805$lBLL01$h1430
=CAT  \\$aWR11_021$c20111124$lBLL01$h1529
=CAT  \\$aWR11_021$c20111124$lBLL01$h1535
=CAT  \\$a8201$b40$c20120201$lBLL01$h0900
=CAT  \\$aNPL-LOCK$b77$c20140207$lBLL01$h2218
=CAT  \\$c20140214$lBLL01$h1747
=FIN  \\$aY$d20090105
=FMT  \\$a  SE
=LAS  \\$c20140214$lBLL01$h1747
=NID  \\$aNID0033361
=TCO  \\$aCLA$bCLA$c008

