=LDR  02045 as a2200565 a 4500
=001  014876621
=003  Uk
=005  20090629122835.0
=007  ta
=008  090113c19uu9999stkwr\nea\\\\\0\\\a0eng\\
=022  \\$a1743-8675
=040  \\$aUk$beng$cUk
=042  \\$aukblsr
=082  04$a072.9134$222
=222  \0$aQueensferry gazette
=245  00$aQueensferry gazette$h[microform].
=260  \\$aLinlithgow :$bJohnston (Falkirk)
=300  \\$av. :$bill., ports.
=310  \\$aWeekly
=336  \\$atext$2rdacontent
=337  \\$aunmediated$2rdamedia
=338  \\$avolume$2rdacarrier
=500  \\$a"An edition of Linlithgowshire the journal and gazette".
=500  \\$aLatest issue consulted: No. 7229 (Jun. 24, 2005) issue.
=533  \\$aMicrofilm.$bLondon :$cBritish Library,$d2008-$e35 mm.
=651  \0$aEdinburgh (Scotland)$vNewspapers.
=651  \0$aSouth Queensferry (Scotland)$vNewspapers.
=752  \\$aScotland$bLothian$dQueensferry.$2blnpn
=787  0\$tLinlithgowshire Journal & Gazette
=852  41$32005-2006$aBritish Library$bHMNTS$zMicroform.$jMFM.SP2803
=866  \\$aNewspapers :7 Jan. 2005-
=985  \\$aISSN upgraded NPL print record, duplicated and amended to form NPL microfilm record.
=CAT  \\$a5997$b40$c20090113$lBLL01$h0922
=CAT  \\$a5997$b40$c20090113$lBLL01$h0923
=CAT  \\$a5997$b40$c20090113$lBLL01$h0937
=CAT  \\$a6537$b40$c20090629$lBLL01$h1228
=CAT  \\$aNPL-008-N$c20110504$lBLL01$h2228
=CAT  \\$aADD-NID$b00$c20110805$lBLL01$h1430
=CAT  \\$aWR11_021$c20111124$lBLL01$h1529
=CAT  \\$aWR11_021$c20111124$lBLL01$h1535
=CAT  \\$aNPL-LOCK$b77$c20140207$lBLL01$h2218
=CAT  \\$c20140214$lBLL01$h1747
=CAT  \\$aWR14_185$c20160214$lBLL01$h1232
=CAT  \\$aWR14_185$c20160214$lBLL01$h1239
=FIN  \\$aY$d20090113
=FMT  \\$a  SE
=LAS  \\$aWR14_185$b00$c20160214$lBLL01$h1239
=LKR  \\$aPAR$b012900448$lBLL01$nQueensferry gazette (Print)$mQueensferry gazette (Microfilm)$r776
=NID  \\$aNID0000708
=TCO  \\$aCLA$bCLA$c008

