=LDR  02166 as a2200529 a 4500
=001  014879130
=003  Uk
=005  20131014151651.0
=007  hd\afa015bacu
=008  090115d19uu2008enkwr\nea\\\\\0\\\a0eng\\
=040  \\$aUk$beng$cUk
=042  \\$aukblsr
=082  04$a072.219$222
=245  00$aFarnham post gazette$h[microform].
=246  17$aPost gazette and advertiser
=260  \\$aFarnham :$bAlton Gazette Ltd
=300  \\$av. :$bill., ports.
=310  \\$aWeekly
=336  \\$atext$2rdacontent
=337  \\$amicroform$2rdamedia
=338  \\$amicrofilm reel$2rdacarrier
=500  \\$a"Incorporating the Post dispatch, Alton gazette, and East Hants observer".
=500  \\$aDescription based on: Aug. 10, 2005 issue.
=500  \\$aLatest issue consulted: Dec. 21, 2005.
=533  \\$aMicrofilm.$bLondon :$cBritish Library,$d2008-$e35 mm.
=651  \0$aFarnham (Surrey, England)$vNewspapers.
=651  \0$aSurrey (England)$vNewspapers.
=752  \\$aEngland$bSurrey$dFarnham.$2blnpn
=852  41$32005-2008; DISC$aBritish Library$bHMNTS$z-27 Aug 2008; DISC$zMicroform.$jMFM.SP2791
=866  \\$aNewspapers :10 Aug. 2005-25 Aug. 2008 ; Microfilm holdings only. Some issues are held in print only. See separate record for print holdings
=985  \\$aUnable to accurately map previous titles (not sure what the "etc." refers to in Alton gazette title (013893011)). Also ISSN record for Alton gazette (010820047) has a totally different start date to NPL record, therefore unable to merge.
=CAT  \\$a5997$b40$c20090115$lBLL01$h1113
=CAT  \\$a5997$b40$c20090115$lBLL01$h1118
=CAT  \\$a5997$b40$c20090115$lBLL01$h1250
=CAT  \\$aNPL-008-N$c20110504$lBLL01$h2228
=CAT  \\$aADD-NID$b00$c20110805$lBLL01$h1430
=CAT  \\$aWR11_021$c20111124$lBLL01$h1529
=CAT  \\$aWR11_021$c20111124$lBLL01$h1535
=CAT  \\$a8201$b40$c20120213$lBLL01$h0943
=CAT  \\$a13427$b40$c20131014$lBLL01$h1516
=CAT  \\$aNPL-LOCK$b77$c20140207$lBLL01$h2218
=CAT  \\$c20140214$lBLL01$h1747
=FIN  \\$aY$d20090115
=FMT  \\$a  SE
=LAS  \\$c20140214$lBLL01$h1747
=NID  \\$aNID0033390
=TCO  \\$aCLA$bCLA$c008

