=LDR  02811 as a2200673 a 4500
=001  014890430
=003  Uk
=005  20120611164330.0
=007  hd\afa015bacu
=008  090128d20032004enkwr\nea\\\\\0\\\a0eng\\
=022  1\$y1744-5299
=040  \\$aUk$beng$cUk$dUk
=042  \\$aukblsr
=130  0\$aHerald (Broxbourne, Cheshunt, Hertford, Hoddesdon, Waltham Cross, Ware edition)
=222  \0$aHerald$b(Broxbourne, Cheshunt, Hertford, Hoddesdon, Waltham Cross, Ware ed.)
=245  10$aHerald$h[microform].
=246  3\$aEast Herts and Essex herald
=246  17$aHerald
=250  \\$aBroxbourne, Cheshunt, Hertford, Hoddesdon, Waltham Cross, Ware [ed.].
=260  \\$aHarlow :$bArchant,$c2003-2004
=300  \\$av. :$bill., ports.
=310  \\$aWeekly
=336  \\$atext$2rdacontent
=337  \\$amicroform$2rdamedia
=338  \\$amicrofilm reel$2rdacarrier
=362  0\$aJune 12, 2003-Sept. 2, 2004.
=500  \\$aJune 12, 2003 issue has no edition statement, first appears on June 19, 2003 issue.
=500  \\$aFinal issue consulted.
=533  \\$aMicrofilm.$bLondon :$cBritish Library,$d-2008.$e35 mm.
=651  \0$aBroxbourne (England)$vNewspapers.
=651  \0$aCheshunt (England)$vNewspapers.
=651  \0$aHertford (England)$vNewspapers.
=651  \0$aHoddesdon (England)$vNewspapers.
=752  \\$aEngland$bHertfordshire$dHoddesdon.$2blnpn
=780  00$tHerald (Hertford, Ware, Hoddesdon, Broxbourne, Cheshunt edition)
=785  00$tHerald (East Herts edition)$x2040-1329
=852  41$32003-2004$aBritish Library$bHMNTS$zMicroform.$jMFM.SP2254
=866  \\$aNewspapers :12 June 2003 - 2 Sept. 2004 ; Microfilm holdings only. See separate record for print holdings
=985  \\$aCatalogued from microfilm to form NPL microfilm record and amended with information from ISSN record.
=CAT  \\$a5997$b40$c20090128$lBLL01$h1442
=CAT  \\$a5997$b40$c20090128$lBLL01$h1452
=CAT  \\$a5997$b40$c20090128$lBLL01$h1454
=CAT  \\$a5997$b40$c20090128$lBLL01$h1543
=CAT  \\$a5997$b40$c20090129$lBLL01$h0857
=CAT  \\$a5997$b40$c20090129$lBLL01$h1011
=CAT  \\$a8323$b40$c20100121$lBLL01$h0924
=CAT  \\$a8323$b40$c20100121$lBLL01$h0927
=CAT  \\$a8323$b40$c20100121$lBLL01$h0928
=CAT  \\$aNPL-008-N$c20110504$lBLL01$h2228
=CAT  \\$aADD-NID$b00$c20110805$lBLL01$h1430
=CAT  \\$a8201$b40$c20120611$lBLL01$h1643
=CAT  \\$aNPL-LOCK$b77$c20140207$lBLL01$h2218
=CAT  \\$c20140214$lBLL01$h1747
=FIN  \\$aY$d20090128
=FMT  \\$a  SE
=LAS  \\$c20140214$lBLL01$h1747
=LKR  \\$aPAR$b013920958$lBLL01$nHerald (Hertford, Ware, Hoddesdon, Broxbourne, Cheshunt edition)$mHerald (Broxbourne, Cheshunt, Hertford, Hoddesdon, Waltham Cross, Ware edition)$r78000
=NID  \\$aNID0033412
=TCO  \\$aCLA$bCLA$c008

