=LDR  05558 as a2201105 a 4500
=001  014895529
=003  Uk
=005  20160602093357.0
=007  ta
=008  950421d1986200uenkwr\n\\\\\\\0\\\a0eng\\
=022  \\$y1479-1331
=040  \\$aUk$beng$cUk$dUk
=042  \\$aukblsr
=082  04$a072.21$222
=245  00$aSurrey comet.
=246  1\$iAlso known as:$aSurrey comet (Royal Borough of Kingston),$f-26 Mar. 2004
=246  1\$iAlso known as:$aSurrey comet (Weybridge)$f31 Mar. 2004-
=260  \\$aMorden :$bNewsquest (London)
=300  \\$av. :$bill., ports.
=310  \\$aWeekly
=336  \\$atext$2rdacontent
=337  \\$aunmediated$2rdamedia
=338  \\$avolume$2rdacarrier
=500  \\$aIncludes midweek editions (when published) until 24 Nov. 1987.
=500  \\$aLatest issue consulted: Apr. 28, 2004 issue.
=540  \\$aBritish Library not licensed to copy$c0$5Uk
=651  \0$aKingston upon Thames (London, England)$vNewspapers.
=651  \0$aRichmond upon Thames (London, England)$vNewspapers.
=651  \0$aSurrey (England)$vNewspapers.
=730  0\$aSurrey comet.$sChessington and Hook ed.$x1479-1366.$5Uk
=730  0\$aSurrey comet.$sEsher and Cobham ed.$x1479-1358.$5Uk
=730  0\$aSurrey comet.$sRoyal Borough of Kingston ed.$x1479-1331.$5Uk
=730  0\$aRichmond comet$x1479-134X.$5Uk
=780  00$tKingston and district comet
=785  06$tSurrey comet$b(Chessington and Hook ed.)$x1479-1366
=785  06$tSurrey comet$b(Esher and Cobham ed.)$x1479-1358
=785  06$tSurrey comet$b(Royal Borough of Kingston ed.)$x1479-1331
=785  06$tRichmond comet$x1479-134X
=852  \\$32006-Jun. 2009$aBritish Library$bNPL$jNEWS.REG698
=866  \\$aNewspapers: 7 Nov. 1986-June 2009; Print issues are not available for conservation reasons where an alternative format exists. See separate record for microfilm holdings.
=985  \\$aNPL microfilm record duplicated and amended to form NPL print record.
=985  \\$aNPL microfilm reel (covering Jan. 2, 2004 - Apr. 28, 2004) consulted. Not a c/t. Also, ISSN record indicates an earlier c/t around 2002, therefore NPL record not merged with ISSN records.
=ACF  \\$aBritish Library not licensed to copy$c0$e01-apr-2012$hC$iCLA Excluded$5Uk
=ACF  \\$aBritish Library not licensed to copy$c0$e01-jan-2012$hC$iCLA Excluded$5Uk
=ACF  \\$aBritish Library not licensed to copy$c0$e01-oct-2011$hC$iCLA Excluded$5Uk
=ACF  \\$aBritish Library not licensed to copy$c0$e01-jul-2011$hC$iCLA Excluded$5Uk
=ACF  \\$aBritish Library not licensed to copy$c0$e01-apr-2011$hC$iCLA Excluded$5Uk
=ACF  \\$aBritish Library not licensed to copy$c0$e01-jan-2011$hC$iCLA Excluded$5Uk
=ACF  \\$aBritish Library not licensed to copy$c0$e01-oct-2010$hC$iCLA Excluded$5Uk
=ACF  \\$aBritish Library not licensed to copy$c0$e01-jul-2010$hC$iCLA Excluded$5Uk
=ACF  \\$aBritish Library not licensed to copy$c0$e01-apr-2010$hC$iCLA Excluded$5Uk
=ACF  \\$aBritish Library not licensed to copy$c0$e01-Jan-2010$hC$iCLA Excluded$5Uk
=ACF  \\$aBritish Library not licensed to copy$c0$e01-oct-2009$hC$iCLA Excluded$5Uk
=ACF  \\$aBritish Library not licensed to copy$c0$e01-jul-2009$hC$iCLA Excluded$5Uk
=ACF  \\$aBritish Library not licensed to copy$c0$e01-apr-2009$hC$iCLA Excluded$5Uk
=ACF  \\$aBritish Library not licensed to copy$c0$e01-jul-2012$hC$iCLA Excluded$5Uk
=ACF  \\$aBritish Library not licensed to copy$c0$e01-oct-2012$hC$iCFP Excluded$5Uk
=ACF  \\$aBritish Library not licensed to copy$c0$e01-jan-2013$hC$iCFP Excluded$5Uk
=ACF  \\$aBritish Library not licensed to copy$c0$e01-apr-2013$hC$iCFP Excluded$5Uk
=ACF  \\$aBritish Library not licensed to copy$c0$e01-jul-2013$hC$iCFP Excluded$5Uk
=ACF  \\$aBritish Library not licensed to copy$c0$e01-oct-2013$hC$iCFP Excluded$5Uk
=CAT  \\$a5997$b40$c20090204$lBLL01$h1227
=CAT  \\$aIPL-CLA$c20120330$lBLL01$h1440
=CAT  \\$aBATCH-CLA$b00$c20120531$lBLL01$h1727
=CAT  \\$aIPL-CLA$c20120629$lBLL01$h1040
=CAT  \\$aWR12_095$c20120629$lBLL01$h1842
=CAT  \\$aBATCH-CLA$b00$c20120831$lBLL01$h1556
=CAT  \\$aIPL-CLA$c20120930$lBLL01$h2132
=CAT  \\$aBATCH-CLA$b00$c20121109$lBLL01$h1722
=CAT  \\$aWR12_128$c20121113$lBLL01$h1838
=CAT  \\$aBATCH-CLA$b00$c20121130$lBLL01$h1248
=CAT  \\$aIPL-CLA$c20121231$lBLL01$h1326
=CAT  \\$aIPL-CLA$c20130102$lBLL01$h1758
=CAT  \\$aBATCH-CLA$b00$c20130228$lBLL01$h1714
=CAT  \\$aIPL-CLA$c20130331$lBLL01$h1057
=CAT  \\$a540_fix$c20130403$lBLL01$h2016
=CAT  \\$aBATCH-CLA$b00$c20130531$lBLL01$h1652
=CAT  \\$aIPL-CLA$c20130701$lBLL01$h0127
=CAT  \\$aBATCH-CLA$b00$c20130830$lBLL01$h1631
=CAT  \\$aIPL-CLA$c20130930$lBLL01$h1802
=CAT  \\$aBATCH-CLA$b00$c20131129$lBLL01$h1705
=CAT  \\$aIPL-CLA$c20140101$lBLL01$h0105
=CAT  \\$aNPL-LOCK$b77$c20140207$lBLL01$h2218
=CAT  \\$c20140214$lBLL01$h1747
=CAT  \\$aBATCH-CLA$b00$c20140530$lBLL01$h1717
=CAT  \\$aIPL-CLA$c20140630$lBLL01$h1743
=CAT  \\$a8323$b40$c20160602$lBLL01$h0933
=CFI  0\$aBritish Library not licensed to copy$c0$e01-jul-2014$hC$iCFP Excluded$5Uk
=CFI  2\$aBritish Library not licensed to copy$c0$e01-jan-2014$hC$iCFP Excluded$5Uk
=FIN  \\$aY$d20090204
=FMT  \\$a  SE
=LAS  \\$a8323$b40$c20160602$lBLL01$h0933
=LKR  \\$aPAR$b013895331$lBLL01$nSurrey comet (Microfilm)$mSurrey comet (Print)$r776
=NID  \\$aNID0000986
=TCO  \\$aCLA$bCLA$c008

