=LDR  04898 as a2201045 a 4500
=001  014895625
=003  Uk
=005  20150603144207.0
=007  ta
=008  090204c20099999enkqr\p\\\\\\\0\\\a0eng\\
=022  \\$a1944-6586
=040  \\$aUk$beng$cUk
=042  \\$aukblsr
=082  04$a616.23$222
=222  \0$aJournal of bronchology & interventional pulmonology$b(Print)
=245  00$aJournal of bronchology & interventional pulmonology.
=246  3\$aJournal of bronchology and interventional pulmonology
=260  \\$aHagerstown, Md. :$bLippincott Williams & Wilkins,$c2009-
=300  \\$av. :$bill. (some col.) ;$c28 cm.
=310  \\$aQuarterly
=336  \\$atext$2rdacontent
=337  \\$aunmediated$2rdamedia
=338  \\$avolume$2rdacarrier
=362  0\$aVol. 16, no. 1 (Jan. 2009)-
=530  \\$aAlso issued online.
=540  \\$aCurrent copyright fee: GBP32.00$c20\0$5Uk
=550  \\$aOfficial publication of the American Association for Bronchology and Interventional Pulmonology, the World Association for Bronchology and the official English language journal of the Brazilian Thoracic Society.
=595  \\$aSRIS SHARED STOCK
=650  \0$aBronchoscopy$vPeriodicals.
=650  \0$aLungs$xDiseases$vPeriodicals.
=710  2\$aWorld Association for Bronchology.
=710  2\$aAmerican Association for Bronchology & Interventional Pulmonology.
=710  2\$aBrazilian Thoracic Society.
=776  08$iAlso issued online as:$tJournal of bronchology & interventional pulmonology$x1948-8270
=780  00$tJournal of bronchology$x1070-8030
=852  11$aBritish Library$bSTI$k(P)$h616.23$m-E(1)$3Vol. 16, no. 1 (Jan. 2009)-v. 19, no. 4 (Oct. 2012)
=856  \\$31850-9999$uhttp://journals.lww.com$xBLDSS
=945  \\$aJournal of bronchology and interventional pulmonology
=959  \\$fHeld but not currently received
=985  \\$a1944-6586 ISSN not yet on portal. CS 4/02/09.
=985  \\$aCONFERENCE ANALYTIC RECORDS EXIST
=ACF  \\$aPrevious copyright fee: GBP21.65$c20\0$e01-jul-2011$fGBP21.65$g0$hP$5Uk
=ACF  \\$aPrevious copyright fee: GBP19.35$c20\0$e01-jul-2010$fGBP19.35$g0$hP$5Uk
=ACF  \\$aPrevious copyright fee: GBP18.18$c20\0$e01-oct-2009$fGBP18.18$g0$hP$5Uk
=ACF  \\$aPrevious copyright fee: GBP21.43$c20\0$e01-apr-2009$fGBP21.43$g0$hP$5Uk
=ACF  \\$aPrevious copyright fee: GBP18.75$c20\0$e09-feb-2009$fGBP18.75$g0$hP$5Uk
=ACF  \\$aPrevious copyright fee: GBP30.32$c20\0$e07-may-2012$fGBP30.32$g0$hP$5Uk
=ACF  \\$aPrevious copyright fee: GBP28.48$c20\0$e01-jul-2012$fGBP28.48$g0$hP$5Uk
=ACF  \\$aPrevious copyright fee: GBP29.38$c20\0$e01-jan-2013$fGBP29.38$g0$hP$5Uk
=ACF  \\$aPrevious copyright fee: GBP30.32$c20\0$e01-jul-2013$fGBP30.32$g0$hP$5Uk
=ACF  \\$aPrevious copyright fee: GBP29.38$c20\0$e01-jan-2014$fGBP29.38$g0$hP$5Uk
=ACF  \\$aPrevious copyright fee: GBP28.48$c20\0$e01-jul-2014$fGBP28.48$g0$hP$5Uk
=ACF  \\$aPrevious copyright fee: GBP30.32$c20\0$e01-apr-2015$fGBP30.32$g0$hP$5Uk
=ACF  \\$aPrevious copyright fee: GBP31.33$c20\0$e01-jul-2015$fGBP31.33$g0$hP$5Uk
=CAT  \\$a8124$b40$c20090204$lBLL01$h1420
=CAT  \\$aCDS13-UPD$b40$c20120805$lBLL01$h1403
=CAT  \\$a10934$b40$c20121106$lBLL01$h0924
=CAT  \\$aBATCH-CLA$b00$c20121109$lBLL01$h1722
=CAT  \\$aBATCH-UPD$b00$c20121121$lBLL01$h1615
=CAT  \\$aIPL-CLA$c20121231$lBLL01$h1326
=CAT  \\$aIPL-CLA$c20130102$lBLL01$h1758
=CAT  \\$aBATCH-UPD$b00$c20130522$lBLL01$h1718
=CAT  \\$aIPL-CLA$c20130701$lBLL01$h0127
=CAT  \\$aBATCH-UPD$b00$c20131119$lBLL01$h2009
=CAT  \\$aIPL-CLA$c20140101$lBLL01$h0105
=CAT  \\$aBATCH-UPD$b00$c20140527$lBLL01$h2036
=CAT  \\$aBATCH-CLA$c20140528$lBLL01$h1759
=CAT  \\$aIPL-CLA$c20140630$lBLL01$h1743
=CAT  \\$aBLDSS-3PM$b00$c20141116$lBLL01$h1731
=CAT  \\$aBATCH-UPD$b00$c20150219$lBLL01$h1728
=CAT  \\$aIPL-CLA$c20150331$lBLL01$h1700
=CAT  \\$aBATCH-UPD$b00$c20150520$lBLL01$h1738
=CAT  \\$a8124$b40$c20150603$lBLL01$h1442
=CAT  \\$aIPL-CLA$c20150630$lBLL01$h1704
=CAT  \\$aBATCH-UPD$b00$c20150820$lBLL01$h1824
=CAT  \\$aIPL-CLA$c20150930$lBLL01$h1831
=CAT  \\$aBATCH-UPD$b00$c20160217$lBLL01$h1712
=CAT  \\$aIPL-CLA$c20160331$lBLL01$h1753
=CAT  \\$aBATCH-UPD$b00$c20160524$lBLL01$h2158
=CAT  \\$aBATCH-UPD$b00$c20160524$lBLL01$h2258
=CFI  0\$aCurrent copyright fee: GBP32.00$c20\0$e01-apr-2016$fGBP32.00$g0$hP$5Uk
=CFI  2\$aPrevious copyright fee: GBP30.32$c20\0$e01-oct-2015$fGBP30.32$g0$hP$5Uk
=FFP  \\$aY$bBLDSS-3PM
=FIN  \\$aY$d20090204
=FMT  \\$a  SE
=LAS  \\$aBATCH-UPD$b00$c20160524$lBLL01$h2258
=LKR  \\$aPAR$b009564287$lBLL01$r78000$mJournal of bronchology & interventional pulmonology$nJournal of bronchology
=TCO  \\$aCLA$bCLA$c008
=TOC  \\$aETOC
=UNO  \\$aY

