=LDR  02880 as a2200649 a 4500
=001  014908193
=003  Uk
=005  20171109120850.0
=007  hd\afa015bacu
=008  090217d20072009enkwr\nea\\\\\0\\\a0eng\\
=022  0\$y1755-0521
=040  \\$aUk$beng$cUk$dUk
=042  \\$aukblsr
=082  04$a072.715$222
=130  0\$aChronicle (Chester, England : Northwich and Winsford edition)
=222  \4$aThe chronicle$b(Northwich and Winsford ed.)
=245  14$aThe chronicle$h[microform] :$bfree to 33,000 homes and businesses in Northwich, Winsford and surrounding villages.
=250  \\$aNorthwich and Winsford [ed.].
=260  \\$aChester :$bTrinity Mirror Cheshire$c2007-
=300  \\$av. :$bill. (some col.), ports. (some col.) ;$c40 cm.
=310  \\$aWeekly
=336  \\$atext$2rdacontent
=337  \\$amicroform$2rdamedia
=338  \\$amicrofilm reel$2rdacarrier
=362  0\$a4 July 2007-30 Sep. 2009
=500  \\$aLatest issue consulted: 15th Oct. 2008, entitled "The chronicle".
=533  \\$aMicrofilm.$bLondon :$cBritish Library.$e35 mm.
=651  \0$aNorthwich (England)$vNewspapers .
=651  \0$aWinsford (Cheshire, England)$vNewspapers.
=651  \0$aCheshire (England)$vNewspapers.
=752  \\$aEngland$bCheshire$dNorthwich.$2blnpn
=780  04$tNorthwich chronicle$x0962-5704
=780  04$tWinsford chronicle$x0962-5712
=780  04$tMiddlewich chronicle$x0962-5720
=852  41$32007-2009$aBritish Library$bHMNTS$z-30 Sep 2009; DISC$zMicroform.$jMFM.SP780
=866  \\$aNewspapers :4 June 2007-30 Sep. 2009; Microfilm holdings only. See separate record for print holdings
=985  \\$aISSN record has this as a merger of all 3 titles. However, a separate edition "Chronicle (Sandbach and Middlewich edition)" exists, so title change history is unclear and links have not been made to the Middlewich edition.
=CAT  \\$a8128$b40$c20090217$lBLL01$h1413
=CAT  \\$a8128$b40$c20090715$lBLL01$h1815
=CAT  \\$a8128$b40$c20090715$lBLL01$h1818
=CAT  \\$a8128$b40$c20090721$lBLL01$h1544
=CAT  \\$a8128$b40$c20090721$lBLL01$h1551
=CAT  \\$aNPL-008-N$c20110504$lBLL01$h2228
=CAT  \\$aADD-NID$b00$c20110805$lBLL01$h1430
=CAT  \\$a8201$b40$c20120625$lBLL01$h1224
=CAT  \\$a13427$b40$c20130924$lBLL01$h1242
=CAT  \\$aNPL-LOCK$b77$c20140207$lBLL01$h2218
=CAT  \\$c20140214$lBLL01$h1747
=CAT  \\$aWR14_140$c20140905$lBLL01$h1821
=CAT  \\$a10806$b40$c20171109$lBLL01$h1208
=FIN  \\$aY$d20090217
=FMT  \\$a  SE
=LAS  \\$a10806$b40$c20171109$lBLL01$h1208
=LKR  \\$aPAR$b013764699$lBLL01$nChronicle ( Northwich and Winsford edition : Print)$mChronicle ( Northwich and Winsford edition : Microfilm)$r776
=LKR  \\$aPAR$b013891387$lBLL01$nWinsford chronicle$mChronicle (Northwich and Winsford ed.)$r78004
=NID  \\$aNID0033422
=TCO  \\$aCLA$bCLA$c008

