=LDR  03604cas a2200757 a 4500
=001  014933362
=003  Uk
=005  20220630171810.0
=007  ta
=008  090318d2009201uenkmr\p\\\\\\\0\\\a0eng\\
=015  \\$aGBA929244$2bnb
=022  0\$y2040-1159
=040  \\$aUk$beng$cUk
=042  \\$aukblsr
=082  04$a338.47669722$222
=245  00$aAluminium sheet and extrusion weekly market tracker :$bglobal market analysis of the aluminium flat rolled and extrusion markets.
=246  13$aMetal bulletin research.$pAluminium sheet and extrusion weekly market tracker
=260  \\$aLondon :$bMetal Bulletin,$c2009-
=300  \\$av. :$bill. ;$c30 cm.
=310  \\$aMonthly
=336  \\$atext$2rdacontent
=337  \\$aunmediated$2rdamedia
=338  \\$avolume$2rdacarrier
=362  0\$aIssue 001 (5 Feb. 2009)-
=362  1\$aCeased in 2011?
=530  \\$aIssued weekly in online format with one publication a month issued in print.
=540  \\$aBritish Library not licensed to copy$c0$5Uk
=650  \0$aAluminum industry and trade$vPeriodicals.
=690  7\$aManagement and Business Studies$2blcoll
=710  2\$aMetal Bulletin Research (Firm)
=776  1\$tAluminium sheet and extrusion weekly market tracker (Online)$x2040-1159
=852  11$aBritish Library$bSTI$cBIPC$k(P)$h338.47669722$m-E(2) Business$3Feb. (2009)- Apr. (2011)
=985  \\$aNot catalogued as a C/T from "Aluminium extrusion markets" as the online version is the "primary source" and therefore the serial that truly replaces the former title. This print version only published once a month provides 25% of the full run of the serial. No ISSN has been assigned to this print version as ISSN UK regard the weekly online as the primary source. The print version simply prints out one issue a month (i.e. it is not an accumulation for the month). ED 19.3.09
=ACF  \\$aPrevious Copyright Fee: GBP12.30$c0$e01-jan-2016$fGBP12.30$g0$hC$5Uk
=ACF  \\$aPrevious Copyright Fee: GBP15.00$c0$e01-jan-2017$fGBP15.00$g0$hC$5Uk
=ACF  \\$aPrevious Copyright Fee: GBP17.50$c0$e01-jan-2018$fGBP17.50$g0$hC$5Uk
=ACF  \\$aPrevious Copyright Fee: GBP20.00$c0$e01-jan-2020$fGBP20.00$g0$hC$5Uk
=CAT  \\$a8483$b40$c20090318$lBLL01$h1000
=CAT  \\$a8483$b40$c20090319$lBLL01$h0947
=CAT  \\$a8483$b40$c20090319$lBLL01$h1021
=CAT  \\$a8483$b40$c20090319$lBLL01$h1131
=CAT  \\$a8483$b40$c20090319$lBLL01$h1134
=CAT  \\$a3072$b40$c20090319$lBLL01$h1309
=CAT  \\$a3072$b40$c20090319$lBLL01$h1503
=CAT  \\$aBATCH690$c20100715$lBLL01$h2112
=CAT  \\$aBATCH-MBS$c20100716$lBLL01$h2054
=CAT  \\$a7778$b40$c20131025$lBLL01$h1047
=CAT  \\$aWR14_140$c20140905$lBLL01$h1822
=CAT  \\$aBATCH-CLA$b00$c20151127$lBLL01$h1631
=CAT  \\$aIPL-CLA$c20151231$lBLL01$h1930
=CAT  \\$aBATCH-CLA$b00$c20161130$lBLL01$h1649
=CAT  \\$aIPL-CLA$c20161230$lBLL01$h2318
=CAT  \\$aBATCH-CLA$b00$c20171130$lBLL01$h1716
=CAT  \\$aIPL-CLA$c20171231$lBLL01$h1741
=CAT  \\$aBATCH-CLA$b00$c20191129$lBLL01$h1631
=CAT  \\$aIPL-CLA$c20191231$lBLL01$h2010
=CAT  \\$aBATCH-CLA$b00$c20201126$lBLL01$h1422
=CAT  \\$aIPL-CLA$c20201231$lBLL01$h2301
=CAT  \\$aBATCH-CLA$b00$c20220601$lBLL01$h1545
=CAT  \\$aIPL-CLA$c20220630$lBLL01$h1718
=CFI  0\$aBritish Library not licensed to copy$c0$e01-jul-2022$hC$iCFP Excluded$5Uk
=CFI  2\$aPrevious Copyright Fee: GBP22.50$c0$e01-jan-2021$fGBP22.50$g0$hC$5Uk
=FIN  \\$aY$d20090319
=FMT  \\$a  SE
=LAS  \\$aIPL-CLA$b00$c20220630$lBLL01$h1718
=TCO  \\$aCLA$bCLA$c008

