=LDR  04783cas a2200973 a 4500
=001  014934058
=003  Uk
=005  20220630171810.0
=007  ta
=008  090319d2009200uenkmr\p\\\\\\\0\\\a0eng\\
=015  \\$aGBA929257$2bnb
=022  0\$y1478-2456
=040  \\$aUk$beng$cUk
=042  \\$aukblsr
=082  04$a338.274926$222
=245  00$aAluminium and raw materials weekly market tracker.
=246  13$aMetal bulletin research.$pAluminium and raw materials weekly market tracker
=260  \\$aLondon :$bMetal Bulletin,$c2009-
=300  \\$av. :$bill. ;$c30 cm.
=310  \\$aMonthly
=336  \\$atext$2rdacontent
=337  \\$aunmediated$2rdamedia
=338  \\$avolume$2rdacarrier
=362  0\$aIssue 001 (3 Feb. 2009)-
=362  1\$aCeased in 2009?
=530  \\$aIssued weekly in online format with one publication a month issued in print.
=540  \\$aBritish Library not licensed to copy$c0$5Uk
=650  \0$aAluminum industry and trade$vPeriodicals.
=690  7\$aManagement and Business Studies$2blcoll
=710  2\$aMetal Bulletin Research (Firm)
=776  1\$tAluminium and raw materials weekly market tracker (Online)$x2040-5685
=852  11$aBritish Library$bSTI$k(P)$h338.274926$m-E(1)$3Issue 001 (Feb. 2009)-issue 163 (Aug. 2009)
=985  \\$aTitle is a C/T from "Primary Aluminium and Alumina monthly", but the weekly e-mail is the primary source, so this is regarded as the true C/T since the print one only comes out once a month. For this reason any ISSN assigned will be given to the electronic version rather than this print one. ED 19.3.09
=ACF  \\$aPrevious Copyright Fee: GBP10.00$c0$e01-apr-2012$fGBP10.00$g0$hC$5Uk
=ACF  \\$aPrevious Copyright Fee: GBP10.00$c0$e01-jan-2012$fGBP10.00$g0$hC$5Uk
=ACF  \\$aPrevious Copyright Fee: GBP10.00$c0$e01-oct-2011$fGBP10.00$g0$hC$5Uk
=ACF  \\$aPrevious Copyright Fee: GBP10.00$c0$e01-jul-2011$fGBP10.00$g0$hC$5Uk
=ACF  \\$aPrevious Copyright Fee: GBP10.00$c0$e01-apr-2011$fGBP10.00$g0$hC$5Uk
=ACF  \\$aPrevious Copyright Fee: GBP10.00$c0$e01-jan-2011$fGBP10.00$g0$hC$5Uk
=ACF  \\$aPrevious Copyright Fee: GBP10.00$c0$e01-oct-2010$fGBP10.00$g0$hC$5Uk
=ACF  \\$aPrevious Copyright Fee: GBP10.00$c0$e01-jul-2010$fGBP10.00$g0$hC$5Uk
=ACF  \\$aPrevious Copyright Fee: GBP10.00$c0$e01-apr-2010$fGBP10.00$g0$hC$5Uk
=ACF  \\$aPrevious Copyright Fee: GBP10.00$c0$e01-Jan-2010$fGBP10.00$g0$hC$5Uk
=ACF  \\$aPrevious Copyright Fee: GBP10.00$c0$e01-oct-2009$fGBP10.00$g0$hC$5Uk
=ACF  \\$aPrevious Copyright Fee: GBP10.00$c0$e01-jul-2009$fGBP10.00$g0$hC$5Uk
=ACF  \\$aPrevious Copyright Fee: GBP10.00$c0$e01-jul-2012$fGBP10.00$g0$hC$5Uk
=ACF  \\$aPrevious Copyright Fee: GBP10.00$c0$e01-oct-2012$fGBP10.00$g0$hC$5Uk
=ACF  \\$aPrevious Copyright Fee: GBP12.00$c0$e01-apr-2013$fGBP12.00$g0$hC$5Uk
=ACF  \\$aPrevious Copyright Fee: GBP12.30$c0$e01-jan-2014$fGBP12.30$g0$hC$5Uk
=ACF  \\$aPrevious Copyright Fee: GBP15.00$c0$e01-jan-2017$fGBP15.00$g0$hC$5Uk
=ACF  \\$aPrevious Copyright Fee: GBP17.50$c0$e01-jan-2018$fGBP17.50$g0$hC$5Uk
=ACF  \\$aPrevious Copyright Fee: GBP20.00$c0$e01-jan-2020$fGBP20.00$g0$hC$5Uk
=CAT  \\$a8483$b40$c20090319$lBLL01$h1032
=CAT  \\$aIPL-CLA$c20111230$lBLL01$h2033
=CAT  \\$aBATCH-CLA$b00$c20120229$lBLL01$h1638
=CAT  \\$aIPL-CLA$c20120330$lBLL01$h1441
=CAT  \\$aBATCH-CLA$b00$c20120531$lBLL01$h1726
=CAT  \\$aIPL-CLA$c20120629$lBLL01$h1040
=CAT  \\$aBATCH-CLA$b00$c20120831$lBLL01$h1555
=CAT  \\$aIPL-CLA$c20120930$lBLL01$h2132
=CAT  \\$aBATCH-CLA$b00$c20121109$lBLL01$h1721
=CAT  \\$a7778$b40$c20130123$lBLL01$h0935
=CAT  \\$aBATCH-CLA$b00$c20130228$lBLL01$h1714
=CAT  \\$aIPL-CLA$c20130331$lBLL01$h1057
=CAT  \\$a540_fix$c20130403$lBLL01$h2016
=CAT  \\$aBATCH-CLA$b00$c20131129$lBLL01$h1704
=CAT  \\$aIPL-CLA$c20140101$lBLL01$h0107
=CAT  \\$aWR14_140$c20140905$lBLL01$h1822
=CAT  \\$aBATCH-CLA$b00$c20161130$lBLL01$h1649
=CAT  \\$aIPL-CLA$c20161230$lBLL01$h2318
=CAT  \\$aBATCH-CLA$b00$c20171130$lBLL01$h1716
=CAT  \\$aIPL-CLA$c20171231$lBLL01$h1741
=CAT  \\$aBATCH-CLA$b00$c20191129$lBLL01$h1631
=CAT  \\$aIPL-CLA$c20191231$lBLL01$h2010
=CAT  \\$aBATCH-CLA$b00$c20201126$lBLL01$h1422
=CAT  \\$aIPL-CLA$c20201231$lBLL01$h2301
=CAT  \\$aBATCH-CLA$b00$c20220601$lBLL01$h1545
=CAT  \\$aIPL-CLA$c20220630$lBLL01$h1718
=CFI  0\$aBritish Library not licensed to copy$c0$e01-jul-2022$hC$iCFP Excluded$5Uk
=CFI  2\$aPrevious Copyright Fee: GBP22.50$c0$e01-jan-2021$fGBP22.50$g0$hC$5Uk
=FIN  \\$aY$d20090319
=FMT  \\$a  SE
=LAS  \\$aIPL-CLA$b00$c20220630$lBLL01$h1718
=TCO  \\$aCLA$bCLA$c008

