=LDR  01849 as a2200457 a 4500
=001  014934069
=003  Uk
=005  20090408134310.0
=007  ta
=008  080408c20089999gw\qr\p\\\\\\\0\\\a0ger\d
=016  7\$a2419789-0$2GyBeDBIZ
=022  0\$a1867-3570$y0341-9789
=035  \\$a(OCoLC)315589726
=040  \\$aDEBSZ$bger$cDEBSZ$dUk$erakwb
=041  0\$ager$beng$bfre
=245  00$aEuropean journal of turfgrass science ;$bGreenkeepers journal.
=260  \\$aBonn :$bKöllen,$c2008-
=300  \\$av. :$bcol. ill., col. ports. ;$c30 cm.
=336  \\$atext$2rdacontent
=337  \\$aunmediated$2rdamedia
=338  \\$avolume$2rdacarrier
=362  0\$aJahrg. 38, Heft 01/08-
=500  \\$aLatest issue consulted: Jahrg. 39, Heft 04/08.
=515  \\$aNumbering of 2007 issues (Jahrg. 38) carried over into first issue of 2008, corrected for second issue.
=546  \\$aIn German; summaries in English and French.
=740  02$aGreenkeepers journal
=780  00$tRasen, Turf, Gazon$x0341-9789
=852  11$aBritish Library$bSTI$k(P)$h635.9642$m-G(1)$3Heft 1 (2008)-Jahrg. 50, Heft 4 (2019)
=985  \\$a"Greenkeepers journal" appears first in publication but change of title and ISSN assignment lead to "European journal of turfgrass science" in 245 {dollar}a. (Richard Brown, Serials Cataloguing, 19/03/09)
=CAT  \\$a10806$b40$c20090319$lBLL01$h1041
=CAT  \\$a10806$b40$c20090319$lBLL01$h1053
=CAT  \\$a10806$b40$c20090319$lBLL01$h1227
=CAT  \\$a10806$b40$c20090319$lBLL01$h1233
=CAT  \\$a8874$b40$c20090408$lBLL01$h1343
=CAT  \\$aBATCH-UPD$b40$c20151018$lBLL01$h1029
=FIN  \\$aY$d20090319
=FMT  \\$a  SE
=LAS  \\$aBATCH-UPD$b40$c20151018$lBLL01$h1029
=LKR  \\$aPAR$b008896268$lBLL01$r78000$mEuropean journal of turfgrass science$nRasen
=SID  \\$aZ39$bOCLC
=TCO  \\$aDEU$bVG WORT$c008

