=LDR  01396 as a2200373 a 4500
=001  014934276
=003  Uk
=005  20090326091639.0
=007  ta
=008  090319c19859999sp\fr\p\\\\\\\0\\\b0spa\\
=022  0\$a0213-6236
=040  \\$aUk$beng$cUk
=042  \\$aukblsr
=222  \0$aCódice
=245  00$aCódice :$brevista de Investigación Histórica y Archivistica.
=260  \\$aJaén :$bAsociación de Amigos del Archivo Histórico Diocesano de Jaén
=300  \\$av. :$bill. ;$c30 cm.
=310  \\$aSemiannual
=336  \\$atext$2rdacontent
=337  \\$aunmediated$2rdamedia
=338  \\$avolume$2rdacarrier
=362  1\$aBegan in 1985.
=500  \\$aDescription based on: Ano 23, no. 20 (Dic. 2007).
=610  20$aCatedral de Jaén$xHistory$vPeriodicals.
=610  20$aCatedral de Jaén.$bArchivo Histórico Diocesano.$bAsociación de amigos$vPeriodicals.
=710  2\$aCatedral de Jaén.$bArchivo Histórico Diocesano.$bAsociación de amigos.
=852  \\$aBritish Library$bHMNTS$jZF.9.b.1206$3Numero 20 (2007:Dec.) -
=985  \\$aAC: 710 not on NACO. I have candidated it in the way that it has been expressed in the ISSN record (see print out).
=CAT  \\$a10953$b40$c20090319$lBLL01$h1418
=CAT  \\$a8483$b40$c20090326$lBLL01$h0916
=FIN  \\$aY$d20090326
=FMT  \\$a  SE
=LAS  \\$a8483$b40$c20090326$lBLL01$h0916
=TCO  \\$aESP$bCEDRO$c008

