=LDR  01985 as a2200493 a 4500
=001  014940545
=003  Uk
=005  20121211105051.0
=007  ta
=008  090326d2008200uenkar\p\\\\\\\0\\\a0eng\\
=015  \\$aGBA931981$2bnb
=040  \\$aUk$beng$cUk
=042  \\$aukblsr
=082  04$a610.73$222
=130  0\$aPrivate hospital healthcare Europe.$pTheatre & surgery, clinical nursing & patient care (2008)
=245  10$aPrivate hospital healthcare Europe.$pTheatre & surgery, clinical nursing & patient care.
=246  30$aTheatre & surgery
=246  30$aClinical, nursing & patient care
=260  \\$aLondon :$bCampden,$c2008-
=300  \\$av. :$bcol. ill. ;$c30 cm.
=310  \\$aAnnual
=336  \\$atext$2rdacontent
=337  \\$aunmediated$2rdamedia
=338  \\$avolume$2rdacarrier
=362  0\$a2008/9-
=362  1\$aCeased with 2008/2009?
=580  \\$aMerger of: Private hospital healthcare Europe. Clinical nursing & patient care (2007), and: Private hospital healthcare Europe. Theatre & surgery (2007).
=650  \0$aHospital care$zGreat Britain$vPeriodicals.
=650  \0$aHospital care$vPeriodicals.
=650  \0$aSurgery$vPeriodicals.
=650  \0$aClinical medicine$vPeriodicals.
=772  0\$tPrivate hospital healthcare Europe$x1472-5770
=780  14$tPrivate hospital healthcare Europe. Clinical nursing & patient care (2007)$x1758-9169
=780  14$tPrivate hospital healthcare Europe. Theatre & surgery (2007)$x1758-9177
=852  11$aBritish Library$bSTI$k(P)$h610.73$m-E(2)$32008/2009
=985  \\$aHave not assigned a new ISSN as recent evidence suggests that we'll be lucky if this title lasts longer than one issue! ED.
=CAT  \\$a8483$b40$c20090326$lBLL01$h1418
=CAT  \\$a8483$b40$c20090326$lBLL01$h1419
=CAT  \\$a7778$b40$c20121211$lBLL01$h1050
=CAT  \\$aWR14_140$c20140905$lBLL01$h1822
=FIN  \\$aY$d20090326
=FMT  \\$a  SE
=LAS  \\$aWR14_140$b00$c20140905$lBLL01$h1822
=TCO  \\$aCLA$bCLA$c008

