=LDR  02326aas a2200577 i 4500
=001  015113314
=003  Uk
=005  20210715105017.0
=007  ta
=008  090325d19982021enkdr\n\\\\\\\0\\\a0eng\\
=022  \\$y0963-2433
=040  \\$aUk$beng$cUk$dUk$erda
=042  \\$aukblsr
=082  04$a072.857$223
=245  00$aHartlepool mail.
=264  \1$aLondon :$bJPIMedia Print Holdings Limited
=300  \\$billustrations (colour)$c37 cm
=310  \\$aDaily (except Sunday)
=336  \\$atext$2rdacontent
=337  \\$aunmediated$2rdamedia
=338  \\$avolume$2rdacarrier
=362  1\$aBegan with March 14, 1998 issue; ceased with Tuesday, May 4, 2021 issue.
=500  \\$aFormerly published: Hartlepool : Northeast Press, 1998-
=588  \\$aDescription based on: Tuesday, May 4, 2021 issue.
=651  \0$aHartlepool (England)$vNewspapers.
=651  \0$aCleveland (England)$vNewspapers.
=780  00$tMail (Hartlepool, England)
=785  00$tHartlepool mail.co.uk
=852  41$32010-4th May (2020)$aBritish Library$bNPL$jNEWS.REG80
=866  \0$aNewspapers: 14 Mar. 1998-4 May 2021; Print issues are not available for conservation reasons where an alternative format exists. See separate record for microfilm holdings.
=985  \\$aThere are also two ISSN records but can't determine which one is correct as paper prints wrong ISSN, left admin on here for now.
=CAT  \\$aBAT-NPL-PR$c20090416$lBLL01$h1343
=CAT  \\$a10932$b40$c20100104$lBLL01$h1411
=CAT  \\$a6887$b40$c20100104$lBLL01$h1452
=CAT  \\$aBATCH$b00$c20100910$lBLL01$h1550
=CAT  \\$aNPL-008-N$c20110504$lBLL01$h2229
=CAT  \\$aADD-NID$b00$c20110805$lBLL01$h1430
=CAT  \\$aWR11_021$c20111124$lBLL01$h1529
=CAT  \\$aWR11_021$c20111124$lBLL01$h1535
=CAT  \\$aWR12_095$c20120629$lBLL01$h1842
=CAT  \\$aNPL-LOCK$b77$c20140207$lBLL01$h2218
=CAT  \\$c20140214$lBLL01$h1747
=CAT  \\$a13427$b50$c20140401$lBLL01$h1329
=CAT  \\$a8323N$b50$c20210715$lBLL01$h1050
=FIN  \\$aY$d20090416
=FMT  \\$a  SE
=LAS  \\$a8323N$b50$c20210715$lBLL01$h1050
=LKR  \\$aPAR$lBLL01$r776$nHartlepool mail (Microfilm)$mHartlepool mail (Print)$b013891676
=LKR  \\$aPAR$lBLL01$r78000$nMail (Hartlepool)$mHartlepool mail$b013891675
=NID  \\$aNID0000852
=TCO  \\$aCLA$bCLA$c008

