=LDR  02031cas a22005053  4500
=001  015113441
=003  Uk
=005  20140401134023.0
=007  ta
=008  090325c20069999enkdn\n\\\\\\\0\\\a0eng\\
=040  \\$aUk$beng$cUk
=082  04$a072.498$222
=245  00$aCoventry Telegraph
=310  \\$aDaily
=336  \\$atext$2rdacontent
=337  \\$aunmediated$2rdamedia
=338  \\$avolume$2rdacarrier
=651  \0$aCoventry (England)$vNewspapers.
=651  \0$aWest Midlands (England)$vNewspapers.
=752  \\$aEngland$bWest Midlands$dCoventry.$2blnpn
=780  00$tCoventry Evening Telegraph
=852  41$32010-$aBritish Library$bNPL$jNEWS.REG22
=866  \\$aPRINT NOT AVAILABLE FOR CONSERVATION REASONS - MICROFILM IS AVAILABLE.
=985  \\$aCorrected by BSS-generated file
=985  \\$aRecord created by automatic duplication from original NPL record. Record further updated, but not seen for cataloguing. Mbrook. NOT LINKED BACK TO ISSN RECORD for"Coventry evening telegraph", as ISSN title change sequence is different (split into Evening telegraph, Coventry ed and Warwickshire ed in 2005).
=CAT  \\$aBAT-NPL-PR$c20090416$lBLL01$h1343
=CAT  \\$a8128$b40$c20090626$lBLL01$h1316
=CAT  \\$a8128$b40$c20090626$lBLL01$h1318
=CAT  \\$a8128$b40$c20090626$lBLL01$h1335
=CAT  \\$aBATCH-UPD$b40$c20091211$lBLL01$h1855
=CAT  \\$aBATCH$b00$c20100910$lBLL01$h1550
=CAT  \\$aNPL-008-N$c20110504$lBLL01$h2229
=CAT  \\$aADD-NID$b00$c20110805$lBLL01$h1430
=CAT  \\$aWR11_021$c20111124$lBLL01$h1529
=CAT  \\$aWR11_021$c20111124$lBLL01$h1535
=CAT  \\$aWR12_095$c20120629$lBLL01$h1842
=CAT  \\$aNPL-LOCK$b77$c20140207$lBLL01$h2218
=CAT  \\$c20140214$lBLL01$h1747
=CAT  \\$a13427$b50$c20140401$lBLL01$h1340
=FIN  \\$aY$d20090416
=FMT  \\$a  SE
=LAS  \\$a13427$b50$c20140401$lBLL01$h1340
=LKR  \\$aPAR$lBLL01$r776$nCoventry Telegraph (Microfilm)$mCoventry Telegraph (Print)$b013948187
=NID  \\$aNID0001121
=TCO  \\$aCLA$bCLA$c008

