=LDR  01793 as a22004697  4500
=001  015113450
=003  Uk
=005  20141009115100.0
=007  ta
=008  090325c19829999enkuu\n\\\\\\\0\\\a0eng\\
=040  \\$aUk$cUk
=082  04$a072.188$222
=245  04$aThe Haringey independent.
=336  \\$atext$2rdacontent
=337  \\$aunmediated$2rdamedia
=338  \\$avolume$2rdacarrier
=500  \\$aTitle varies 1988-1995: 'Haringey, Wood Green, ...etc. Independent'.
=651  \0$aHaringey (London, England)$vNewspapers.
=752  \\$aEngland$dLondon$fHaringey.$2blnpn
=852  41$31982-1985$aBritish Library$bNPL$jNEWS16325
=866  \\$aNewspapers :no. 1-736, 923- (27 May 1982-13 Sept. 1996; 7 Jan. 2000-) ISSUES TO 1985 AVAILABLE IN PRINT. FOR ISSUES 1986- SEE MICROFILM.
=985  \\$aRecord created by automatic duplication from original NPL record.
=985  \\$aDO NOT MERGE WITH BNB/ISSN RECORDS.
=CAT  \\$aBAT-NPL-PR$c20090416$lBLL01$h1343
=CAT  \\$a6537$b40$c20090521$lBLL01$h0800
=CAT  \\$a6537$b40$c20090521$lBLL01$h0811
=CAT  \\$a6537$b40$c20090624$lBLL01$h0733
=CAT  \\$aBATCH-UPD$b40$c20091211$lBLL01$h1858
=CAT  \\$aNPL-008-N$c20110504$lBLL01$h2229
=CAT  \\$aADD-NID$b00$c20110805$lBLL01$h1430
=CAT  \\$aWR11_021$c20111124$lBLL01$h1529
=CAT  \\$aWR11_021$c20111124$lBLL01$h1535
=CAT  \\$aWR12_095$c20120629$lBLL01$h1842
=CAT  \\$aNPL-LOCK$b77$c20140207$lBLL01$h2218
=CAT  \\$c20140214$lBLL01$h1747
=CAT  \\$a8323$b40$c20141009$lBLL01$h1151
=FIN  \\$aY$d20090416
=FMT  \\$a  SE
=LAS  \\$a8323$b40$c20141009$lBLL01$h1151
=LKR  \\$aPAR$lBLL01$r776$nThe Haringey independent (Microfilm)$mThe Haringey independent (Print)$b013893571
=NID  \\$aNID0000926
=TCO  \\$aCLA$bCLA$c008

