=LDR  02346 as a2200517 a 4500
=001  015183008
=003  Uk
=005  20140501110136.0
=007  ta
=008  090514d20022011enkar\p\\\\\\\0\\\a0eng\\
=015  \\$aGBA948579$2bnb
=040  \\$aUk$beng$cUk
=042  \\$aukblsr
=082  04$a392.50942234$222
=130  0\$aPlanning your wedding (Canterbury edition)
=245  10$aPlanning your wedding.
=250  \\$aCanterbury ed.
=260  \\$aTunbridge Wells :$bSG Media,$c2002-
=300  \\$av. :$bcol. ill. ;$c25 cm.
=310  \\$aAnnual
=336  \\$atext$2rdacontent
=337  \\$aunmediated$2rdamedia
=338  \\$avolume$2rdacarrier
=362  0\$aSeries 10 (2002)-
=362  0\$a-2011/2012.
=500  \\$aLatest issue consulted: 2008 edition.
=580  \\$aMerged with: Planning your wedding (Maidstone ed.), to become: Planning your wedding (Maidstone & Canterbury ed.)
=650  \0$aWeddings$zEngland$zCanterbury Region$xPlanning$vPeriodicals.
=650  \0$aWedding supplies and services industry$zEngland$zCanterbury Region$vPeriodicals.
=780  00$tPlanning your wedding. Canterbury, Ashford, Deal, Dover, Margate, Whitstable & surrounding towns and villages$x1466-7606
=785  17$sPlanning your wedding (Canterbury edition)
=785  17$sPlanning your wedding (Maidstone & Canterbury edition)$x2050-4969
=852  41$aBritish Library$bHMNTS$jZK.9.a.6129$32002-2011/2012
=985  \\$aThe assignment of an ISSN to the previous title made it impossible to regard this as anything other than a title change. However it is not a true C/T as the lengthy region statement on the previous title would these days be expressed as "Canterbury edition" and not done as a section title.
=CAT  \\$a8483$b40$c20090514$lBLL01$h1152
=CAT  \\$a8483$b40$c20090514$lBLL01$h1327
=CAT  \\$a8483$b40$c20101029$lBLL01$h1014
=CAT  \\$a5997$b40$c20120606$lBLL01$h1057
=CAT  \\$a5997$b40$c20120606$lBLL01$h1103
=CAT  \\$a5997$b40$c20140501$lBLL01$h1101
=CAT  \\$aWR14_140$c20140905$lBLL01$h1822
=FIN  \\$aY$d20090514
=FMT  \\$a  SE
=LAS  \\$aWR14_140$b00$c20140905$lBLL01$h1822
=LKR  \\$aPAR$b007922148$lBLL01$r78000$mPlanning your wedding.$nPlanning your wedding. Canterbury, Ashford, Deal, Dover, Margate, Whitstable & surrounding towns and villages
=TCO  \\$aCLA$bCLA$c008

