=LDR  02132 as a2200541 a 4500
=001  015269888
=003  Uk
=005  20111029115058.0
=007  hd\afa015bacu
=008  090529d19uu2008enkwr\nea\\\\\0\\\a0eng\\
=022  \\$y0965-6448
=040  \\$aUk$beng$cUk
=042  \\$aukblsr
=082  04$a072.2725$222
=245  00$aAldershot post gazette$h[microform].
=246  13$aPost gazette
=246  17$aPost gazette & advertiser
=260  \\$aFarnham :$bPost Dispatch,$c-2008.
=300  \\$av. :$bill., ports.
=336  \\$atext$2rdacontent
=337  \\$amicroform$2rdamedia
=338  \\$amicrofilm reel$2rdacarrier
=362  0\$a-Aug. 20, 2008.
=500  \\$a"Incorporating the Post dispatch, Alton gazette, and East Hants observer".
=500  \\$aDescription based on: Aug 10, 2005 issue.
=533  \\$aMicrofilm.$bLondon :$cBritish Library,$d2008.$e35mm.
=651  \0$aAldershot (England)$vNewspapers.
=651  \0$aHampshire (England)$vNewspapers.
=752  \\$aEngland$bHampshire$dAldershot.$2blnpn
=852  41$32005-2008$aBritish Library$bHMNTS$zMicroform.$jMFM.SP2814
=866  \\$aNewspapers :10 Aug. 2005-20 Aug. 2008.
=985  \\$aUnable to accurately map previous titles (not sure what the "etc." refers to in Alton gazette title (013893011)). Also ISSN record for Alton gazette (010820047) has a totally different start date to NPL record, therefore unable to merge.
=CAT  \\$aBAT-NPL9M$c20090602$lBLL01$h1343
=CAT  \\$a5997$b40$c20090825$lBLL01$h1541
=CAT  \\$a5997$b40$c20090827$lBLL01$h1104
=CAT  \\$a8323$b40$c20090902$lBLL01$h1015
=CAT  \\$aNPL-008-N$c20110504$lBLL01$h2229
=CAT  \\$aADD-NID$b00$c20110805$lBLL01$h1430
=CAT  \\$a10932$b40$c20111029$lBLL01$h1150
=CAT  \\$aNPL-LOCK$b77$c20140207$lBLL01$h2218
=CAT  \\$c20140214$lBLL01$h1747
=CAT  \\$aWR14_140$c20140905$lBLL01$h1822
=FIN  \\$aY$d20090825
=FMT  \\$a  SE
=LAS  \\$aWR14_140$b00$c20140905$lBLL01$h1822
=LKR  \\$aPAR$lBLL01$r776$nAldershot post gazette (Print)$mAldershot post gazette (Microfilm)$b015269763
=NID  \\$aNID0033477
=TCO  \\$aCLA$bCLA$c008

