=LDR  03745cas a22008177a 4500
=001  015285686
=003  Uk
=005  20100122143538.0
=007  ta
=008  950421c19789999enkdr\n\\\\\\\0\\\a0eng\\
=022  0\$a0957-6231
=040  \\$aUk$cUk$dUk
=082  04$a072.1$222
=245  00$aDaily star.
=260  \\$aLondon :$bExpress Newspapers.
=336  \\$atext$2rdacontent
=337  \\$aunmediated$2rdamedia
=338  \\$avolume$2rdacarrier
=500  \\$aIncludes a Sunday edition from 15 Sept. 2002 onward.
=540  \\$aBritish Library not licensed to copy$c0$5Uk
=651  \0$aLondon (England)$vNewspapers.
=752  \\$aEngland$dLondon.$2blnpn
=852  41$32010-$aBritish Library$bNPL$jNEWS.REG257
=866  \0$aNewspapers :no.1- (2 Nov.1978--)
=985  \\$aBasic record created from microfilm record to allow accessioning of print newspapers.
=985  \\$aC/T sequence recorded by NPL does not match the ISSN/BNB title sequence (c/t to STAR 1985-1988). ISSN used in this record belongs to the incarnation of "Daily star" which began in 1988. DO NOT MERGE RECORDS MB
=ACF  \\$aBritish Library not licensed to copy$c0$e01-apr-2012$hC$iCLA Excluded$5Uk
=ACF  \\$aBritish Library not licensed to copy$c0$e01-jan-2012$hC$iCLA Excluded$5Uk
=ACF  \\$aBritish Library not licensed to copy$c0$e01-oct-2011$hC$iCLA Excluded$5Uk
=ACF  \\$aBritish Library not licensed to copy$c0$e01-jul-2011$hC$iCLA Excluded$5Uk
=ACF  \\$aBritish Library not licensed to copy$c0$e01-apr-2011$hC$iCLA Excluded$5Uk
=ACF  \\$aBritish Library not licensed to copy$c0$e01-jan-2011$hC$iCLA Excluded$5Uk
=ACF  \\$aBritish Library not licensed to copy$c0$e01-oct-2010$hC$iCLA Excluded$5Uk
=ACF  \\$aBritish Library not licensed to copy$c0$e01-jul-2010$hC$iCLA Excluded$5Uk
=ACF  \\$aBritish Library not licensed to copy$c0$e01-apr-2010$hC$iCLA Excluded$5Uk
=ACF  \\$aBritish Library not licensed to copy$c0$e01-Jan-2010$hC$iCLA Excluded$5Uk
=ACF  \\$aBritish Library not licensed to copy$c0$e01-oct-2009$hC$iCLA Excluded$5Uk
=ACF  \\$aBritish Library not licensed to copy$c0$e01-jul-2012$hC$iCLA Excluded$5Uk
=CAT  \\$a10932$b40$c20090609$lBLL01$h1459
=CAT  \\$aBATCH-CLA$b00$c20110228$lBLL01$h1555
=CAT  \\$aIPL-CLA$c20110331$lBLL01$h1508
=CAT  \\$aNPL-008-N$c20110504$lBLL01$h2229
=CAT  \\$aBATCH-CLA$b00$c20110531$lBLL01$h1652
=CAT  \\$aIPL-CLA$c20110630$lBLL01$h1549
=CAT  \\$aADD-NID$b00$c20110805$lBLL01$h1430
=CAT  \\$aBATCH-CLA$b00$c20110831$lBLL01$h1815
=CAT  \\$aIPL-CLA$c20110930$lBLL01$h1554
=CAT  \\$aWR11_021$c20111124$lBLL01$h1529
=CAT  \\$aWR11_021$c20111124$lBLL01$h1535
=CAT  \\$aBATCH-CLA$b00$c20111130$lBLL01$h1215
=CAT  \\$aIPL-CLA$c20111230$lBLL01$h2033
=CAT  \\$aBATCH-CLA$b00$c20120229$lBLL01$h1626
=CAT  \\$aIPL-CLA$c20120330$lBLL01$h1441
=CAT  \\$aBATCH-CLA$b00$c20120531$lBLL01$h1726
=CAT  \\$aIPL-CLA$c20120629$lBLL01$h1040
=CAT  \\$aWR12_095$c20120629$lBLL01$h1842
=CAT  \\$aBATCH-CLA$b00$c20120831$lBLL01$h1553
=CAT  \\$aIPL-CLA$c20120930$lBLL01$h2133
=CAT  \\$aBATCH-CLA$b00$c20121109$lBLL01$h1721
=CAT  \\$aWR12_128$c20121113$lBLL01$h1828
=CAT  \\$aBATCH-CLA$b00$c20131129$lBLL01$h1704
=CAT  \\$aIPL-CLA$c20140101$lBLL01$h0119
=CAT  \\$aNPL-LOCK$b77$c20140207$lBLL01$h2218
=CAT  \\$c20140214$lBLL01$h1747
=CFI  0\$aBritish Library not licensed to copy$c0$e01-jan-2014$hC$iCFP Excluded$5Uk
=CFI  2\$aBritish Library not licensed to copy$c0$e01-oct-2012$hC$iCFP Excluded$5Uk
=FIN  \\$aY
=FMT  \\$a  SE
=LAS  \\$c20140214$lBLL01$h1747
=NID  \\$aNID0000992
=TCO  \\$aCLA$bCLA$c008

