=LDR  04860cas a2201021 a 4500
=001  015287800
=003  Uk
=005  20211231154453.0
=007  ta
=008  090610c20099999ne\qr\p\\\\\\\0\\\a0eng\\
=015  \\$aGBA957982$2bnb
=022  0\$a1883-1958
=040  \\$aUk$beng$cUk$dUk
=042  \\$aukblsr
=082  04$a617.6905$222
=210  0\$aJ. prosthodont. res.
=222  \0$aJournal of prosthodontic research
=245  00$aJournal of prosthodontic research :$bofficial journal of Japan Prosthodontic Society.
=260  \\$aAmsterdam ;$aLondon :$bElsevier,$c2009-
=300  \\$av. :$bill. (some col.) ;$c28 cm.
=310  \\$aQuarterly
=336  \\$atext$2rdacontent
=337  \\$aunmediated$2rdamedia
=338  \\$avolume$2rdacarrier
=362  0\$aVol. 53, no.1 (Jan. 2009)-
=540  \\$aCurrent copyright fee: GBP34.30$c5\1$5Uk
=650  \0$aProsthodontics$vPeriodicals.
=650  \0$aDentistry$vPeriodicals.
=710  2\$aNihon Hotetsu Shika Gakkai.
=776  08$iAlso issued online as:$tJournal of prosthodontic research
=780  00$tNihon hotetsu shika gakkai zasshi$x0389-5386
=787  0\$tNihon Hotetsu Shika Gakkai shi$x1883-4426
=852  11$aBritish Library$bSTI$k(P)$h617.69$m-E(2)$3Vol. 53, no. 3 (Jul. 2009)-v. 59, no. 1 (Jan. 2015)***Title now taken as electronic copy only
=856  \\$31850-9999$uhttp://www.elsevier.com/journals$xBLDSS
=945  \\$aJournal of prosthodontic research.
=979  \\$aBritish Library$bDSC$j5042.915000
=985  \\$aAC: 710 is "Japan Prosthodontic Society" - The heading as candidated has been taken from the 260 in the ISSN record for the Japanese language version... so I hope that it is correct.
=ACF  \\$aPrevious Copyright Fee: GBP21.00$c0$e01-apr-2012$fGBP21.00$g0$hC$5Uk
=ACF  \\$aPrevious Copyright Fee: GBP21.00$c0$e01-jan-2012$fGBP21.00$g0$hC$5Uk
=ACF  \\$aPrevious Copyright Fee: GBP20.00$c0$e01-oct-2011$fGBP20.00$g0$hC$5Uk
=ACF  \\$aPrevious Copyright Fee: GBP20.00$c0$e01-jul-2011$fGBP20.00$g0$hC$5Uk
=ACF  \\$aPrevious Copyright Fee: GBP20.00$c0$e01-apr-2011$fGBP20.00$g0$hC$5Uk
=ACF  \\$aPrevious Copyright Fee: GBP20.00$c0$e01-jan-2011$fGBP20.00$g0$hC$5Uk
=ACF  \\$aPrevious Copyright Fee: GBP20.00$c0$e01-oct-2010$fGBP20.00$g0$hC$5Uk
=ACF  \\$aPrevious Copyright Fee: GBP20.00$c0$e01-jul-2010$fGBP20.00$g0$hC$5Uk
=ACF  \\$aPrevious Copyright Fee: GBP20.00$c0$e01-apr-2010$fGBP20.00$g0$hC$5Uk
=ACF  \\$aPrevious Copyright Fee: GBP21.00$c0$e01-oct-2012$fGBP21.00$g0$hC$5Uk
=ACF  \\$aPrevious Copyright Fee: GBP21.00$c0$e01-jul-2012$fGBP21.00$g0$hC$5Uk
=ACF  \\$aPrevious copyright fee: GBP21.00$c5\1$e26-nov-2012$fGBP21.00$g0$hP$5Uk
=ACF  \\$aPrevious copyright fee: GBP22.50$c5\1$e01-jan-2013$fGBP22.50$g0$hP$5Uk
=ACF  \\$aPrevious copyright fee: GBP23.40$c5\1$e01-jan-2018$fGBP23.40$g0$hP$5Uk
=CAT  \\$a8483$b40$c20090610$lBLL01$h1019
=CAT  \\$aIPL-CLA$c20110930$lBLL01$h1554
=CAT  \\$aBATCH-CLA$b00$c20111130$lBLL01$h1222
=CAT  \\$aIPL-CLA$c20111230$lBLL01$h2033
=CAT  \\$aBATCH-CLA$b00$c20120229$lBLL01$h1636
=CAT  \\$aIPL-CLA$c20120330$lBLL01$h1441
=CAT  \\$aBATCH-CLA$b00$c20120531$lBLL01$h1710
=CAT  \\$aIPL-CLA$c20120629$lBLL01$h1040
=CAT  \\$aBATCH-CLA$b00$c20120831$lBLL01$h1535
=CAT  \\$aIPL-CLA$c20120930$lBLL01$h2133
=CAT  \\$aBATCH-CLA$b00$c20121109$lBLL01$h1721
=CAT  \\$a5552$b40$c20121126$lBLL01$h1127
=CAT  \\$aIPL-CLA$c20121231$lBLL01$h1327
=CAT  \\$aIPL-CLA$c20130102$lBLL01$h1759
=CAT  \\$aWR14_140$c20140905$lBLL01$h1822
=CAT  \\$aBLDSS-3PM$b00$c20141222$lBLL01$h1719
=CAT  \\$a11315$b40$c20150428$lBLL01$h0934
=CAT  \\$a11315$b40$c20150428$lBLL01$h0936
=CAT  \\$aBATCH-UPD$b40$c20160413$lBLL01$h1823
=CAT  \\$a5552$b40$c20170407$lBLL01$h1041
=CAT  \\$aBATCH-UPD$b40$c20171121$lBLL01$h1751
=CAT  \\$aIPL-CLA$c20171231$lBLL01$h1753
=CAT  \\$aBATCH-UPD$b00$c20190521$lBLL01$h1443
=CAT  \\$aIPL-CLA$c20190630$lBLL01$h1543
=CAT  \\$aBATCH-UPD$b00$c20211119$lBLL01$h1559
=CAT  \\$aIPL-CLA$c20211231$lBLL01$h1544
=CFI  0\$aCurrent copyright fee: GBP34.30$c5\1$e01-jan-2022$fGBP34.30$g0$hP$5Uk
=CFI  2\$aPrevious copyright fee: GBP32.84$c5\1$e01-jul-2019$fGBP32.84$g0$hP$5Uk
=FFP  \\$aY$bBLDSS-3PM
=FIN  \\$aY$d20090610
=FMT  \\$a  SE
=LAS  \\$aIPL-CLA$b00$c20211231$lBLL01$h1544
=LKR  \\$aPAR$b014862529$lBLL01$r776$mJournal of prosthodontic research$nJournal of prosthodontic research
=LKR  \\$aPAR$b010485835$lBLL01$r78000$mJournal of prosthodontic research$nNihon Hotetsu Shika Gakkai Zasshi
=LKR  \\$aPAR$b015287873$lBLL01$r787$mJournal of prosthodontic research$nNihon Hotetsu Shika Gakkaishi
=TCO  \\$aNLD$bSTICHTING REPRORECHT$c008
=TOC  \\$aETOC

