=LDR  02320cas a22005537a 4500
=001  015299274
=003  Uk
=005  20220428101003.0
=007  ta
=008  090625c19959999enkwr\n\\\\\\\0\\\a0eng\\
=040  \\$aUk$beng$cUk$dUk
=082  04$a072.37$223
=130  0\$aWest Briton (Truro and Mid Cornwall edition)
=245  10$aWest Briton.
=250  \\$aTruro and Mid Cornwall [ed].
=260  \\$aTruro :$bCornwall & Devon Media,$c[1995]-
=310  \\$aWeekly
=336  \\$atext$2rdacontent
=337  \\$aunmediated$2rdamedia
=338  \\$avolume$2rdacarrier
=651  \0$aTruro (England)$vNewspapers.
=651  \0$aCornwall (England : County)$vNewspapers.
=780  01$tWest Briton and Royal Cornwall gazette
=852  41$32010-$aBritish Library$bNPL$jNEWS.REG970
=866  \0$aNewspapers: 5 Oct. 1995- ; Print issues are not available for conservation reasons where an alternative format exists. See separate record for microfilm holdings.
=985  \\$aBasic record created for newspaper accessioning purposes. ISSN records exist for 3 other eds, but not assigned specifically for this one. Not seen for cataloguing.
=CAT  \\$a8128$b40$c20090625$lBLL01$h1506
=CAT  \\$aBATCH$b00$c20091111$lBLL01$h1753
=CAT  \\$aBATCH-UPD$b00$c20091211$lBLL01$h1853
=CAT  \\$a9649$b40$c20100720$lBLL01$h1525
=CAT  \\$a6887$b40$c20100721$lBLL01$h1514
=CAT  \\$aNPL-008-N$c20110504$lBLL01$h2229
=CAT  \\$a6887$b40$c20110520$lBLL01$h0748
=CAT  \\$a6887$b40$c20110603$lBLL01$h0755
=CAT  \\$aADD-NID$b00$c20110805$lBLL01$h1431
=CAT  \\$aWR11_021$c20111124$lBLL01$h1529
=CAT  \\$aWR11_021$c20111124$lBLL01$h1535
=CAT  \\$aWR12_095$c20120629$lBLL01$h1842
=CAT  \\$aNPL-LOCK$b77$c20140207$lBLL01$h2218
=CAT  \\$c20140214$lBLL01$h1747
=CAT  \\$a8323$b40$c20220428$lBLL01$h1010
=FIN  \\$aY$d20090625
=FMT  \\$a  SE
=LAS  \\$a8323$b40$c20220428$lBLL01$h1010
=LET  \0$aWest Briton (Truro and Mid Cornwall edition)
=LKR  \\$aPAR$b013890064$lBLL01$nWest Briton - all editions (Microfilm)$mWest Briton - Truro and Mid Cornwall edition (Print)$r776
=LKR  \\$aPAR$b013890063$lBLL01$nWest Briton and Royal Cornwall gazette$mWest Briton (Truro and Mid Cornwall edition)$r78001
=NID  \\$aNID0033504
=TCO  \\$aCLA$bCLA$c008

