=LDR  03541cas a2200841 a 4500
=001  015299660
=003  Uk
=005  20221231224223.0
=007  ta
=008  090626c20099999nz\fr\p\\\\\\\0\\\a0eng\\
=022  0\$y0112-224
=040  \\$aUk$beng$cUk
=042  \\$aukblsr
=082  04$a374.99305$222
=245  00$aJournal of adult learning Aotearoa New Zealand.
=246  30$aJournal of adult learning
=246  13$aJALANZ
=260  \\$aChristchurch :$bJALANZ,$c2009-
=300  \\$av. ;$c21 cm.
=310  \\$aSemiannual
=336  \\$atext$2rdacontent
=337  \\$aunmediated$2rdamedia
=338  \\$avolume$2rdacarrier
=362  0\$aVol. 37, no. 1 (July 2009)-
=540  \\$aCurrent Copyright Fee: GBP25.00$c0$5Uk
=650  \0$aAdult education$zNew Zealand$vPeriodicals.
=690  7\$aSocial Welfare$2blcoll
=780  00$tNew Zealand journal of adult learning$x0112-224X
=852  41$aBritish Library$bDSC$j4918.945350$3Vol. 37 (2009)-v. 40, no. 1 (2012)
=945  \\$aJournal of adult learning Aotearoa New Zealand
=959  \\$fHeld but not currently received
=985  \\$a7-digit ISSN relating to previous title appears on issue - CS
=ACF  \\$aPrevious copyright fee: GBP9.00$c0$e01-apr-2010$fGBP9.00$g0$hA$5Uk
=ACF  \\$aPrevious copyright fee: GBP6.00$c0$e29-jun-2009$fGBP6.00$g0$hA$5Uk
=ACF  \\$aPrevious copyright fee: GBP10.50$c0$e01-jan-2011$fGBP10.50$g0$hA$5Uk
=ACF  \\$aPrevious copyright fee: GBP12.00$c0$e01-jan-2012$fGBP12.00$g0$hA$5Uk
=ACF  \\$aPrevious Copyright Fee: GBP12.30$c0$e01-jan-2014$fGBP12.30$g0$hA$5Uk
=ACF  \\$aPrevious Copyright Fee: GBP15.00$c0$e01-jan-2017$fGBP15.00$g0$hA$5Uk
=ACF  \\$aPrevious Copyright Fee: GBP17.50$c0$e01-jan-2018$fGBP17.50$g0$hA$5Uk
=ACF  \\$aPrevious Copyright Fee: GBP20.00$c0$e01-jan-2020$fGBP20.00$g0$hA$5Uk
=CAT  \\$a8124$b40$c20090626$lBLL01$h1128
=CAT  \\$aBATCH-UPD$b40$c20100401$lBLL01$h0306
=CAT  \\$aBATCH$b00$c20100401$lBLL01$h0609
=CAT  \\$aBATCH$b00$c20100401$lBLL01$h1642
=CAT  \\$aBATCH-UPD$b00$c20101124$lBLL01$h1954
=CAT  \\$aBATCH-UPD$b00$c20101125$lBLL01$h1219
=CAT  \\$aIPL-CLA$c20101231$lBLL01$h1527
=CAT  \\$aBATCH$b00$c20110625$lBLL01$h0545
=CAT  \\$aBATCH-SWP4$c20110627$lBLL01$h1629
=CAT  \\$aWR11_203$c20111204$lBLL01$h1515
=CAT  \\$aIPL-CLA$c20111230$lBLL01$h2033
=CAT  \\$aBATCH-CLA$b00$c20121109$lBLL01$h1721
=CAT  \\$aBATCH-CLA$c20131220$lBLL01$h2105
=CAT  \\$aIPL-CLA$c20140101$lBLL01$h0119
=CAT  \\$aBATCH-CLA$b00$c20161222$lBLL01$h1829
=CAT  \\$aIPL-CLA$c20161230$lBLL01$h2333
=CAT  \\$a6558$b40$c20170719$lBLL01$h1419
=CAT  \\$aBATCH-CLA$b00$c20171222$lBLL01$h2158
=CAT  \\$aIPL-CLA$c20171231$lBLL01$h1753
=CAT  \\$aBATCH-CLA$b00$c20191219$lBLL01$h1752
=CAT  \\$aIPL-CLA$c20191231$lBLL01$h2018
=CAT  \\$aR2001-1524$c20200127$lBLL01$h2045
=CAT  \\$aBATCH-CLA$b00$c20201204$lBLL01$h1602
=CAT  \\$aIPL-CLA$c20201231$lBLL01$h2316
=CAT  \\$aBATCH-CLA$b00$c20221221$lBLL01$h1917
=CAT  \\$aIPL-CLA$c20221231$lBLL01$h2242
=CFI  0\$aCurrent Copyright Fee: GBP25.00$c0$e01-jan-2023$fGBP25.00$g0$hA$5Uk
=CFI  2\$aPrevious Copyright Fee: GBP22.50$c0$e01-jan-2021$fGBP22.50$g0$hA$5Uk
=FIN  \\$aY$d20090626
=FMT  \\$a  SE
=LAS  \\$aIPL-CLA$b00$c20221231$lBLL01$h2242
=LKR  \\$aPAR$b012422507$lBLL01$r78000$mJournal of adult learning Aotearoa New Zealand.$nNew Zealand journal of adult learning
=TCO  \\$aNZL$bCLL$c008

