=LDR  03686 as a2200901 a 4500
=001  015300983
=003  Uk
=005  20130424134050.0
=007  ta
=008  080220d2008200umouar\p\\\\\\\0\\\a0eng\c
=010  \\$a2008214386
=022  0\$a1941-4757
=035  \\$a(OCoLC)ocn192167624
=037  \\$bUniversity of Missouri-Kansas City, School of Biological Sciences, 5007 Rockhill Rd., Kansas City, MO 64110$c{dollar}20.00
=040  \\$aNSDP$cNSDP$dNSDP$dCU-A$dUk
=042  \\$aukblsr
=050  10$aISSN RECORD
=082  04$a579.513505$222
=245  00$aFungal genetics reports.
=246  1\$iAlso known as:$aFGR
=260  \\$aKansas City, MO :$bFungal Genetics Stock Center,$cc2008-
=300  \\$av. :$bill. ;$c28 cm.
=310  \\$aAnnual
=336  \\$atext$2rdacontent
=337  \\$aunmediated$2rdamedia
=338  \\$avolume$2rdacarrier
=362  0\$aNo. 55 (Dec. 2008)-
=362  1\$aCeased in 2008?
=500  \\$aLatest issue consulted: No. 55 (Dec. 2008).
=540  \\$aBritish Library not licensed to copy$c0$5Uk
=550  \\$aPrepared at: Dec. 2008-, Department of Biology, Texas A & M University, College Station, Texas.
=650  \0$aAspergillus$vPeriodicals.
=650  \0$aFungi$xCultures and culture media$vPeriodicals.
=650  \0$aFungi$xGenetics$vPeriodicals.
=650  \0$aGenetics$xResearch$vPeriodicals.
=650  \0$aMicrobiology$xResearch$vPeriodicals.
=650  \0$aMolecular biology$xResearch$vPeriodicals.
=650  \0$aNeurospora$vPeriodicals.
=710  2\$aFungal Genetics Stock Center (U.S.)
=710  2\$aTexas A & M University.$bDepartment of Biology.
=776  08$iAlso issued online:$tFungal genetics reports$x1941-4765
=780  00$tFungal genetics newsletter$x0895-1942
=852  41$aBritish Library$bDSC$j4056.655000$3No. 55 (2008)-no. 56 (2009)***UKRR Retained Title
=945  \\$aFungal genetics reports
=959  \\$fHeld but not currently received
=985  \\$aNo 222, ISSN prepub only on LC, but appears as 785 on ISSN online so added to record as 022{dollar}a - CS 30/6/09
=985  \\$aRecord amended for WR# 13/070
=ACF  \\$aPrevious copyright fee: GBP9.00$c0$e01-apr-2010$fGBP9.00$g0$hA$5Uk
=ACF  \\$aPrevious copyright fee: GBP6.00$c0$e06-jul-2009$fGBP6.00$g0$hA$5Uk
=CAT  \\$a8124$b40$c20090630$lBLL01$h0914
=CAT  \\$a8124$b40$c20090630$lBLL01$h0915
=CAT  \\$a12500$b40$c20090706$lBLL01$h1130
=CAT  \\$a12500$b40$c20090706$lBLL01$h1131
=CAT  \\$a11249$b40$c20091207$lBLL01$h1658
=CAT  \\$aBATCH-UPD$b40$c20100226$lBLL01$h0159
=CAT  \\$aBATCH-UPD$b40$c20100331$lBLL01$h2351
=CAT  \\$aBATCH-UPD$b40$c20100401$lBLL01$h0306
=CAT  \\$aBATCH$b00$c20100401$lBLL01$h0609
=CAT  \\$aBATCH$b00$c20100401$lBLL01$h1642
=CAT  \\$aBATCH-UPD$b00$c20101124$lBLL01$h1954
=CAT  \\$aBATCH-UPD$b00$c20101125$lBLL01$h1219
=CAT  \\$aIPL-CLA$c20101231$lBLL01$h1527
=CAT  \\$aBATCH-UPD$b00$c20110907$lBLL01$h1832
=CAT  \\$aIPL-CLA$c20110908$lBLL01$h1747
=CAT  \\$a7164$b40$c20110914$lBLL01$h0915
=CAT  \\$aBATCH-CLA$b00$c20121109$lBLL01$h1721
=CAT  \\$a7778$b40$c20130424$lBLL01$h1340
=CAT  \\$aWR13_070$b00$c20130504$lBLL01$h0318
=CAT  \\$aWR13_070C$c20130611$lBLL01$h1856
=CFI  0\$aBritish Library not licensed to copy$c0$e07-sep-2011$hC$iTX$5Uk
=CFI  2\$aPrevious copyright fee: GBP10.50$c0$e01-jan-2011$fGBP10.50$g0$hA$5Uk
=FIN  \\$aY$d20090630
=FMT  \\$a  SE
=LAS  \\$aWR13_070C$b00$c20130611$lBLL01$h1856
=LKR  \\$aPAR$b008538130$lBLL01$r78000$mFungal genetics reports.$nFungal genetics newsletter.
=SID  \\$aZ39$bLOC
=TCO  \\$aTRS$bCCC$c008
=TOC  \\$aETOC

