=LDR  02295 as a2200577 a 4500
=001  015303607
=003  Uk
=005  20131016100942.0
=007  ta
=008  090701d20032006ie\ar\\\\\\\\\0\\\a0eng\\
=022  0\$y1649-6388
=040  \\$aUk$beng$cUk
=042  \\$aukblsr
=082  04$a339.2209417$222
=110  1\$aIreland.$bCentral Statistics Office.
=245  10$aEU survey on income and living conditions (EU-SILC).
=246  13$aEuropean Union survey on income and living conditions
=246  30$aEU-SILC
=260  \\$aDublin :$bStationery Office,$c2003-
=300  \\$av. :$bcol. ill. ;$c30 cm.
=310  \\$aAnnual
=336  \\$atext$2rdacontent
=337  \\$aunmediated$2rdamedia
=338  \\$avolume$2rdacarrier
=362  1\$aBegan with first results 2003, published 24 January, 2005.
=362  0\$a-2006.
=500  \\$aDescription based on : 2006 survey, published November 2007.
=610  10$aIreland.$bCentral Statistics Office$vPeriodicals.
=650  \0$aPoverty$zIreland$vStatistics$vPeriodicals.
=650  \0$aPoverty$xHealth aspects$zIreland$vStatistics$vPeriodicals.
=650  \0$aIncome distribution$zIreland$vStatistics$vPeriodicals.
=650  \0$aSocial indicators$zIreland$vPeriodicals.
=690  7\$aManagement and Business Studies$2blcoll
=785  00$tSurvey on income and living conditions (SILC)
=852  41$aBritish Library$bHMNTS$jZK.9.b.27000$32006
=985  \\$aPdf for 2003, 2005 (16 Nov. 2006) & 2006 (Nov. 2007) seen online.
=985  \\$aISSN Key title originally established as "EU survey on income and living conditions" and later amended to drop "EU". Catalogued for BL as a C/T, but treated by Irish ISSN Centre as a variant.
=CAT  \\$a5110$b40$c20090701$lBLL01$h1211
=CAT  \\$a5110$b40$c20090701$lBLL01$h1215
=CAT  \\$a8483$b40$c20090708$lBLL01$h1109
=CAT  \\$a8483$b40$c20090708$lBLL01$h1112
=CAT  \\$a5110$b40$c20090709$lBLL01$h1051
=CAT  \\$aBATCH690$c20100715$lBLL01$h2114
=CAT  \\$aBATCH-UPD$b00$c20100715$lBLL01$h2343
=CAT  \\$aBATCH-MBS$c20100716$lBLL01$h2056
=CAT  \\$a8483$b40$c20131016$lBLL01$h1009
=CAT  \\$aWR14_140$c20140905$lBLL01$h1822
=FIN  \\$aY$d20090708
=FMT  \\$a  SE
=LAS  \\$aWR14_140$b00$c20140905$lBLL01$h1822
=TCO  \\$aIRL$bICLA$c008

