=LDR  02431cas a2200601 i 4500
=001  015305129
=003  Uk
=005  20140610112015.0
=007  ta
=008  090703c200u9999ja\qr\p\\\\\\\0\\\d0jpn\\
=022  0\$a1883-1966
=040  \\$aUk$beng$cUk$erda
=042  \\$aukblsr
=082  04$a004.05$223
=110  2\$6880-01$aKokuritsu Jōhōgaku Kenkyūjo.
=222  \0$aNII today
=245  10$6880-02$aKokuritsu Jōhōgaku Kenkyūjo nyūsu =$bNII news.
=246  3\$aNational Institute of Informatics today
=250  \\$a[Japanese edition]
=260  \\$aTokyo :$bNational Institute of Informatics,$c[2007?]-
=336  \\$atext$2rdacontent
=337  \\$aunmediated$2rdamedia
=338  \\$avolume$2rdacarrier
=515  \\$aNumbering of English and Japanese editions differ. For example, Number 58 (December 2012) corresponds to number 44 (January 2013).
=530  \\$aAlso issued online.
=588  \\$aDescription based on: No. 58 (Dec. 2012).
=610  20$aKokuritsu Jōhōgaku Kenkyūjo$vPeriodicals.
=650  \0$aComputer science$vPeriodicals.
=650  \0$aInformation science$vPeriodicals.
=710  2\$aKokuritsu Jōhōgaku Kenkyūjo,$eissuing body.
=767  0\$tNII today$x1883-1974
=780  00$tKokuritsu Jouhougaku Kenkyuujo nyusu$x1349-516X
=852  41$aBritish Library$bOC$jZOR.2001.a.69$3No.1 (2000)-***missing: no.33 (2006)
=880  2\$6110-01$a国立情報学研究所.
=880  10$6245-02$a国立情報学研究所ニュース =$bNII news.
=985  \\$aJapanese ed. of NII today (ISSN 1883-1974). Please add 775 field & LKR on completion. 28/2/2012.
=985  \\$aEdition statement supplied in language & script of the title proper... 2.5.1.4 LC-PCC PS
=CAT  \\$a2717$b40$c20090703$lBLL01$h1609
=CAT  \\$a2717$b40$c20090703$lBLL01$h1617
=CAT  \\$a12887$b40$c20100630$lBLL01$h1050
=CAT  \\$a11205$b40$c20120228$lBLL01$h1214
=CAT  \\$a8124$b40$c20130305$lBLL01$h1119
=CAT  \\$a8124$b40$c20130305$lBLL01$h1120
=CAT  \\$a8124$b40$c20130305$lBLL01$h1121
=CAT  \\$a8124$b40$c20130305$lBLL01$h1519
=CAT  \\$a8124$b40$c20130312$lBLL01$h0740
=CAT  \\$a7565$b40$c20140610$lBLL01$h1120
=FIN  \\$aY$d20130312
=FMT  \\$a  SE
=LAS  \\$a7565$b40$c20140610$lBLL01$h1120
=LET  \0$aNII today (Japanese ed.)
=LKR  \\$aPAR$b016038337$lBLL01$r7670$mNII today$nNII today (English ed.)
=TCO  \\$aJPN$bJAACC$c008

