=LDR  01236cas a2200361 a 4500
=001  015325668
=003  Uk
=005  20090805092307.0
=007  ta
=008  090714c198u9999enkuu\p\\\\\\\0\\\a0eng\\
=040  \\$aUk$beng$cUk
=042  \\$aukblsr
=082  04$a299.93605$222
=130  0\$aCertainty (Church of Scientology of London)
=245  10$aCertainty :$bMagazine of the Church of Scientology London.
=260  \\$aLondon :$b[New Era]
=300  \\$av. :$bcol. ill., col. ports. ;$c23 cm.
=336  \\$atext$2rdacontent
=337  \\$aunmediated$2rdamedia
=338  \\$avolume$2rdacarrier
=500  \\$aDescription based on: Issue 392.
=610  20$aChurch of Scientology of London$vPeriodicals.
=650  \0$aScientology$vPeriodicals.
=710  2\$aChurch of Scientology of London.
=852  41$aBritish Library$bHMNTS$jZK.9.a.11098$3Issue 392 (2008)-issue 443 (2020)
=985  \\$aUnable to confirm that this is the same magazine as Certainty with issn 0411-566X.
=CAT  \\$a5110$b40$c20090714$lBLL01$h0931
=CAT  \\$a8124$b40$c20090805$lBLL01$h0923
=CAT  \\$aWR14_140$c20140905$lBLL01$h1822
=FIN  \\$aY$d20090805
=FMT  \\$a  SE
=LAS  \\$aWR14_140$b00$c20140905$lBLL01$h1822
=TCO  \\$aCLA$bCLA$c008

