=LDR  02432cas a22005417a 4500
=001  015333701
=003  Uk
=005  20200701010714.0
=007  ta
=008  090722c19649999enkdn\n\\\\\\\0\\\a0eng\\
=022  0\$y1747-1842
=040  \\$aUk$beng$cUk
=082  04$a072.45$222
=245  00$aShropshire star.
=260  \\$aTelford :$bShropshire Newspapers
=300  \\$av. :$bcol. ill, col. ports. ;$c44 cm.
=310  \\$aDaily
=336  \\$atext$2rdacontent
=337  \\$aunmediated$2rdamedia
=338  \\$avolume$2rdacarrier
=500  \\$aDescription based on Saturday, 4 July 2009 issue.
=540  \\$aBritish Library not licensed to copy$c0$5Uk
=651  \0$aShropshire (England)$vNewspapers.
=752  \\$aEngland$bShropshire$dTelford.$2blnpn
=852  41$32010-$aBritish Library$bNPL$jNEWS.REG107
=852  41$31964-1985$aBritish Library$bNPL$jNEWS16329
=866  \0$aNewspapers :no. 1 (5 Oct. 1964)- ; Print issues are not available for conservation reasons where an alternative format exists. See separate record for microfilm holdings
=985  \\$aNPL records for Shropshire star have a single record back to 1964, no particular edition given. This does not match the ISSN pattern, with a split into several different editions in the 1980s. Record upgraded on basis of "Shropshire star" Saturday 4 July issue. ISSN has been assigned for this as "Weekend ed.", but NPL will shelve this with the rest. DO NOT MERGE THIS RECORD WITH ISSN RECORDS. MBrook.
=CAT  \\$a8128$b40$c20090722$lBLL01$h1445
=CAT  \\$a8128$b40$c20090722$lBLL01$h1449
=CAT  \\$aBATCH-UPD$b40$c20091211$lBLL01$h1856
=CAT  \\$a10932$b40$c20100122$lBLL01$h1534
=CAT  \\$aBATCH$b00$c20100910$lBLL01$h1550
=CAT  \\$aNPL-008-N$c20110504$lBLL01$h2229
=CAT  \\$aADD-NID$b00$c20110805$lBLL01$h1431
=CAT  \\$a8201$b40$c20120224$lBLL01$h0945
=CAT  \\$aWR12_095$c20120629$lBLL01$h1842
=CAT  \\$aNPL-LOCK$b77$c20140207$lBLL01$h2218
=CAT  \\$c20140214$lBLL01$h1747
=CAT  \\$aBATCH-CLA$b00$c20200529$lBLL01$h1539
=CAT  \\$aIPL-CLA$c20200701$lBLL01$h0107
=CFI  0\$aBritish Library not licensed to copy$c0$e01-jul-2020$hC$iCFP Excluded$5Uk
=FIN  \\$aY$d20090722
=FMT  \\$a  SE
=LAS  \\$aIPL-CLA$b00$c20200701$lBLL01$h0107
=LKR  \\$aPAR$b013893072$lBLL01$nShropshire star (Microfilm)$mShropshire star (Print)$r776
=NID  \\$aNID0000909
=TCO  \\$aCLA$bCLA$c008

