=LDR  02998cas a2200721 a 4500
=001  015343261
=003  Uk
=005  20230209233733.0
=007  ta
=008  090805c20119999xxcqr\p\\\\\\\0\\\a0eng\\
=015  \\$aGBB174207$2bnb
=022  0\$a2041-9031
=040  \\$aUk$beng$cUk
=042  \\$aukblsr
=082  04$a620.8605$223
=210  0\$aInt. j. saf. secur. eng.$b(Print)
=222  \0$aInternational journal of safety and security engineering$b(Print)
=245  00$aInternational journal of safety and security engineering (Print).
=260  \\$aSouthampton :$bWIT Press,$c2011-
=264  31$32020-$a[Edmonton, Canada] :$b[International Information & Engineering Technology Association]
=300  \\$av. :$bill. ;$c25 cm.
=310  \\$aQuarterly
=336  \\$atext$2rdacontent
=337  \\$aunmediated$2rdamedia
=338  \\$avolume$2rdacarrier
=362  0\$aVol. 1, no. 1 (2011)-
=500  \\$a"An interdisciplinary journal for research and applications".
=540  \\$aCurrent Copyright Fee: GBP17.00$c0$5Uk
=650  \0$aCrisis management$vPeriodicals.
=650  \0$aRisk management$vPeriodicals.
=650  \0$aEngineering$xSafety measures$vPeriodicals.
=650  \0$aIndustrial safety$vPeriodicals.
=710  2\$aInternational Information & Engineering Technology Association,$eissuing body.
=776  0\$tInternational journal of safety and security engineering$c(Online)$x2041-904X
=852  41$aBritish Library$bDSC$j4542.542680$3Vol. 1, No. 1 (2011)-v. 9, no. 4 (2019)
=852  11$aBritish Library$bSTI$k(P)$h620.8605$m-E(1)$3Vol. 1, no. 1 (2011)-v. 9, no. 4 (2019)
=945  \\$aInternational journal of safety and security engineering
=959  \\$fHeld but not currently received
=985  \\$aISSN transferred to ISSN Canada (18/06/20)
=ACF  \\$aPrevious Copyright Fee: GBP17.00$c0$e01-jan-2016$fGBP17.00$g0$hC$5Uk
=CAT  \\$a10806$b40$c20090805$lBLL01$h1502
=CAT  \\$a5997$b40$c20110620$lBLL01$h0927
=CAT  \\$a5997$b40$c20110620$lBLL01$h1102
=CAT  \\$aBATCH-CLA$b00$c20151127$lBLL01$h1630
=CAT  \\$aIPL-CLA$c20151231$lBLL01$h1931
=CAT  \\$a8335$b40$c20160212$lBLL01$h1152
=CAT  \\$a10806$b40$c20200129$lBLL01$h0957
=CAT  \\$a10806$b40$c20200617$lBLL01$h1339
=CAT  \\$a10806$b40$c20200617$lBLL01$h1347
=CAT  \\$a10806$b40$c20200618$lBLL01$h0848
=CAT  \\$a8335$b40$c20211020$lBLL01$h1416
=CAT  \\$aBATCH-CLA$b00$c20221130$lBLL01$h1454
=CAT  \\$aIPL-CLA$c20221231$lBLL01$h1450
=CAT  \\$aBATCH-CLA$b00$c20230209$lBLL01$h1541
=CAT  \\$aIPL-CLA$c20230209$lBLL01$h2337
=CFI  0\$aCurrent Copyright Fee: GBP17.00$c0$e09-feb-2023$fGBP17.00$g0$hC$5Uk
=CFI  2\$aBritish Library not licensed to copy$c0$e01-jan-2023$hC$iCFP Excluded$5Uk
=FIN  \\$aY$d20110620
=FMT  \\$a  SE
=LAS  \\$aIPL-CLA$b00$c20230209$lBLL01$h2337
=LET  \0$aInternational journal of safety and security engineering (Print)
=TCO  \\$aCLA$bCLA$c008
=TOC  \\$aETOC

