=LDR  01389cas a2200421 a 4500
=001  015358539
=003  Uk
=005  20090903111220.0
=007  ta
=008  090826c20079999sz\ar\p\\\\\\\0\\\b0fre\\
=022  0\$a1662-0399
=040  \\$aUk$beng$cUk
=042  \\$aukblsr
=082  04$a809.005$222
=130  0\$aViceversa (Ed. française)
=222  \0$aViceversa$b(Lausanne. Ed. française)
=245  10$aViceversa :$blittérature.
=246  18$aViceversa littérature
=260  \\$aLausanne :$bEditions d'En bas,$c2007-
=300  \\$av. :$bill., ports. ;$c23 cm.
=310  \\$aAnnual
=336  \\$atext$2rdacontent
=337  \\$aunmediated$2rdamedia
=338  \\$avolume$2rdacarrier
=362  0\$aNo. 1 (2007)-
=650  \0$aSwiss literature$vPeriodicals.
=775  08$iGerman edition:$tViceversa Literatur$x1662-0380
=775  08$iItalian edition:$tViceversa$x1662-0402
=780  00$tFeuxcroisés$x1423-7482
=852  41$aBritish Library$bHMNTS$jZF.9.a.7252$3Vol. 1 (2007)-v. 3 (2010), v. 7 (2013), v. 8 (2014), v. 9 (2015), v. 10 (2016)
=985  \\$aOrder has incorrect ISSN, belongs to Italian ed.
=CAT  \\$a8496$b40$c20090826$lBLL01$h1200
=CAT  \\$a8124$b40$c20090903$lBLL01$h1109
=CAT  \\$a8124$b40$c20090903$lBLL01$h1112
=FIN  \\$aY$d20090903
=FMT  \\$a  SE
=LAS  \\$a8124$b40$c20090903$lBLL01$h1112
=TCO  \\$aCHE$bPRO LITTERIS$c008

