=LDR  02146 as a22005297a 4500
=001  015381883
=003  Uk
=005  20131004115302.0
=007  ta
=008  090930d19712008enkdn\n\\\\\\\0\\\a0eng\\
=040  \\$aUk$beng$cUk$dUk
=082  04$a072.733$222
=245  00$aManchester evening news.
=260  \\$aManchester :$bGreater Manchester Newspapers
=260  3\$aManchester :$bMEN Media
=310  \\$aDaily (except Sunday)
=336  \\$atext$2rdacontent
=337  \\$aunmediated$2rdamedia
=338  \\$avolume$2rdacarrier
=651  0\$aTrafford (England)$vNewspapers.
=651  0\$aManchester (England)$vNewspapers.
=651  0\$aGreater Manchester (England)$vNewspapers.
=752  \\$aEngland$bGreater Manchester$dManchester.$2blnpn
=785  00$tManchester evening news (Main edition)
=852  41$31971-1985$aBritish Library$bNPL$jNEWS16344
=866  \0$aNewspapers :no. 31884- (4 Oct. 1971-29 Nov. 2008) PRINT HOLDINGS WILL NOT BE MADE AVAILABLE WHERE MICROFILM HOLDINGS EXIST, SEE SEPARATE RECORD FOR MICROFILM HOLDINGS.
=985  \\$aAll NPL issues 1971 to Nov. 2008 are held on this record, including some different editions recorded by ISSN. Not possible to reconcile NPL issues held with ISSN sequence, DO NOT MERGE RECORDS.
=CAT  \\$a6537$b40$c20090930$lBLL01$h0742
=CAT  \\$aBATCH-UPD$b40$c20091211$lBLL01$h1854
=CAT  \\$a10932$b40$c20100123$lBLL01$h1241
=CAT  \\$a8128$b40$c20100126$lBLL01$h1443
=CAT  \\$a8128$b40$c20100126$lBLL01$h1445
=CAT  \\$a8128$b40$c20100126$lBLL01$h1547
=CAT  \\$a6946$b40$c20110120$lBLL01$h0831
=CAT  \\$aNPL-008-N$c20110504$lBLL01$h2229
=CAT  \\$aADD-NID$b00$c20110805$lBLL01$h1431
=CAT  \\$c20130924$lBLL01$h1341
=CAT  \\$c20130924$lBLL01$h1547
=CAT  \\$a13427$b40$c20131004$lBLL01$h1153
=CAT  \\$aNPL-LOCK$b77$c20140207$lBLL01$h2219
=CAT  \\$c20140214$lBLL01$h1747
=FIN  \\$aY$d20090930
=FMT  \\$a  SE
=LAS  \\$c20140214$lBLL01$h1747
=LKR  \\$aPAR$b013892110$lBLL01$r776$mManchester evening news (Print)$nManchester evening news (Microfilm)
=NID  \\$aNID0000867
=TCO  \\$aCLA$bCLA$c008

