=LDR  06147cas a2201225 i 4500
=001  015382003
=003  Uk
=005  20170707164429.0
=007  ta
=008  090930d19522017nikwr\n\\\\\\\0\\\a0eng\\
=022  1\$a1468-764X$202
=040  \\$aUk$beng$cUk$dUk$erda
=042  \\$aukblsr
=082  04$a072.9165$223
=130  0\$aOutlook (Rathfriland, Northern Ireland)
=222  \0$aCounty Down outlook
=245  14$aThe outlook.
=246  3\$aCounty Down outlook
=264  \1$aRathfriland :$b[Outlook Press],$c[1952]-2017.
=264  31$a[Armagh] :$b[Alpha Newspapers]
=300  \\$billustrations (black and white, and colour), maps (colour) ;$c37 cm
=310  \\$aWeekly
=336  \\$atext$2rdacontent
=337  \\$aunmediated$2rdamedia
=338  \\$avolume$2rdacarrier
=362  1\$aBegan with number 463 (12 September 1952).
=362  0\$a-Wednesday, 29th March 2017.
=530  \\$aAlso issued online.
=540  \\$aBritish Library not licensed to copy$c0$5Uk
=588  \\$aDescription based on: Wednesday, 29th March 2017 issue.
=651  \0$aBanbridge (Northern Ireland)$vNewspapers.
=651  \0$aRathfriland (Northern Ireland)$vNewspapers.
=651  \0$aKilkeel (Northern Ireland)$vNewspapers.
=651  \0$aDown (Northern Ireland : County)$vNewspapers.
=780  00$tRathfriland, Mourne & district outlook
=785  00$tCounty Down outlook
=852  41$31889$aBritish Library$bHMNTS$zMicroform.$jMFM.M27806 [1889]
=852  41$31890$aBritish Library$bHMNTS$zMicroform.$jMFM.M28558 [1890]
=852  41$31891$aBritish Library$bHMNTS$zMicroform.$jMFM.M29071 [1891]
=852  41$31892$aBritish Library$bHMNTS$zMicroform.$jMFM.M29072 [1892]
=852  41$31986-2009$aBritish Library$bHMNTS$z-Dec 2009$zMicroform.$jMFM.SP935
=852  41$31889-1985$aBritish Library$bNPL$jNEWS1496
=852  41$31893-1985$aBritish Library$bNPL$jNEWS1624
=852  41$31924$aBritish Library$bHMNTS$zMicroform.$jMFM.M27972 [1924]
=852  41$31984$aBritish Library$bHMNTS$zMicroform.$jMFM.M17126 [1984]
=852  41$31985$aBritish Library$bHMNTS$zMicroform.$jMFM.M22155-6
=852  41$31980$aBritish Library$bHMNTS$zMicroform.$jMFM.M11528-9
=852  41$31981$aBritish Library$bHMNTS$zMicroform.$jMFM.M11530-1
=852  41$31982$aBritish Library$bHMNTS$zMicroform.$jMFM.M17122-3
=852  41$31983$aBritish Library$bHMNTS$zMicroform.$jMFM.M17124-5
=852  41$31986-1988$aBritish Library$bHMNTS$zMicroform.$jMFM.SP186
=852  41$31959-1985$aBritish Library$bNPL$jNEWS16346
=852  41$32010-$aBritish Library$bNPL$jNEWS.REG794
=866  \\$aNewspapers: 12 Sept. 1952-4 Dec. 1953; 23, 30 Nov., 21 Dec. 1956-20 Dec. 1957; 2 Jan. 1959-29 Mar. 2017; Print issues are not available for conservation reasons where an alternative format exists. See separate record for microfilm holdings.
=985  \\$aOriginal NPL record has title "Outlook" since 1952. ISSN assigned in 1999 to title "County Down outlook". Current masthead could be read either way, and no other evidence of title changes, so 222 and 245 differ. MB 22/01/2010.
=ACF  \\$aBritish Library not licensed to copy$c0$e01-apr-2012$hC$iCLA Excluded$5Uk
=ACF  \\$aBritish Library not licensed to copy$c0$e01-jan-2012$hC$iCLA Excluded$5Uk
=ACF  \\$aBritish Library not licensed to copy$c0$e01-oct-2011$hC$iCLA Excluded$5Uk
=ACF  \\$aBritish Library not licensed to copy$c0$e01-jul-2011$hC$iCLA Excluded$5Uk
=ACF  \\$aBritish Library not licensed to copy$c0$e01-apr-2011$hC$iCLA Excluded$5Uk
=ACF  \\$aBritish Library not licensed to copy$c0$e01-jan-2011$hC$iCLA Excluded$5Uk
=ACF  \\$aBritish Library not licensed to copy$c0$e01-oct-2010$hC$iCLA Excluded$5Uk
=ACF  \\$aBritish Library not licensed to copy$c0$e01-jul-2010$hC$iCLA Excluded$5Uk
=ACF  \\$aBritish Library not licensed to copy$c0$e01-apr-2010$hC$iCLA Excluded$5Uk
=ACF  \\$aBritish Library not licensed to copy$c0$e01-Jan-2010$hC$iCLA Excluded$5Uk
=ACF  \\$aBritish Library not licensed to copy$c0$e01-oct-2009$hC$iCLA Excluded$5Uk
=ACF  \\$aBritish Library not licensed to copy$c0$e01-apr-2005$hC$iCLA Excluded$5Uk
=ACF  \\$aBritish Library not licensed to copy$c0$e01-jul-2012$hC$iCLA Excluded$5Uk
=CAT  \\$a6537$b40$c20090930$lBLL01$h0954
=CAT  \\$aRESET-LEV$b50$c20210902$lBLL01$h2130
=CAT  \\$aRESET-LEV$b50$c20211002$lBLL01$h1730
=CAT  \\$aRESET-LEV$b50$c20211102$lBLL01$h0308
=CAT  \\$aRESET-LEV$b50$c20211202$lBLL01$h2126
=CAT  \\$aRESET-LEV$b50$c20220103$lBLL01$h0036
=CAT  \\$aRESET-LEV$b50$c20220202$lBLL01$h0141
=CAT  \\$aRESET-LEV$b50$c20220302$lBLL01$h0057
=CAT  \\$aRESET-LEV$b50$c20220402$lBLL01$h1729
=CAT  \\$aRESET-LEV$b50$c20220502$lBLL01$h0244
=CAT  \\$aRESET-LEV$b50$c20220602$lBLL01$h2128
=CAT  \\$aRESET-LEV$b50$c20220702$lBLL01$h1731
=CAT  \\$aRESET-LEV$b50$c20220802$lBLL01$h0355
=CAT  \\$aRESET-LEV$b50$c20220902$lBLL01$h2224
=CAT  \\$aRESET-LEV$b50$c20221003$lBLL01$h0416
=CAT  \\$aRESET-LEV$b50$c20221102$lBLL01$h0235
=CAT  \\$aRESET-LEV$b50$c20221202$lBLL01$h2227
=CAT  \\$aRESET-LEV$b50$c20230102$lBLL01$h0305
=CAT  \\$aRESET-LEV$b50$c20230202$lBLL01$h2130
=CAT  \\$aRESET-LEV$b50$c20230302$lBLL01$h2138
=CAT  \\$aRESET-LEV$b50$c20230403$lBLL01$h0243
=CAT  \\$aRESET-LEV$b50$c20230502$lBLL01$h0326
=CAT  \\$aRESET-LEV$b50$c20230602$lBLL01$h2229
=CAT  \\$aRESET-LEV$b50$c20230703$lBLL01$h0511
=CAT  \\$aRESET-LEV$b50$c20230802$lBLL01$h0212
=CAT  \\$aRESET-LEV$b50$c20230902$lBLL01$h1746
=CAT  \\$aRESET-LEV$b50$c20231002$lBLL01$h0449
=CFI  0\$aBritish Library not licensed to copy$c0$e01-jan-2014$hC$iCFP Excluded$5Uk
=CFI  2\$aBritish Library not licensed to copy$c0$e01-oct-2012$hC$iCFP Excluded$5Uk
=FIN  \\$aY$d20090930
=FMT  \\$a  SE
=LAS  \\$aRESET-LEV$b50$c20231002$lBLL01$h0449
=LEO  \\$aMP22.0000062830
=LKR  \\$aPAR$b013890687$lBLL01$r776$mOutlook (Print)$nOutlook (Microfilm)
=NID  \\$aNID0000806
=SRC  \\$aISN01$bbibmp22.200404.2.aa
=TCO  \\$aCLA$bCLA$c008

