=LDR  02106 as a2200505 a 4500
=001  015384468
=003  Uk
=005  20110218165933.0
=007  ta
=008  091006d20092009enkar\p\\\\\\\0\\\a0eng\\
=015  \\$aGBA996363$2bnb
=040  \\$aUk$beng$cUk$dUk
=042  \\$aukblsr
=082  04$a616.0757$222
=245  00$aHospital healthcare Europe.$pRadiology & imaging ; Cardiology.
=246  30$aRadiology & imaging
=246  30$aCardiology
=260  \\$a[London] :$b[Campden],$c2009.
=300  \\$a1 v. :$bcol. ill. ;$c30 cm.
=310  \\$aAnnual
=336  \\$atext$2rdacontent
=337  \\$aunmediated$2rdamedia
=338  \\$avolume$2rdacarrier
=362  0\$a2009.
=580  \\$aMerger of: Hospital healthcare Europe. Radiology & Imaging, and: Hospital healthcare Europe. Cardiology.
=650  \0$aImaging systems in medicine$vPeriodicals.
=650  \0$aRadiology, Medical$vPeriodicals.
=650  \0$aRadiotherapy$zEurope$vPeriodicals.
=650  \0$aCardiology$vPeriodicals.
=780  14$tHospital healthcare Europe. Cardiology$x1479-1943
=780  14$tHospital healthcare Europe. Radiology & imaging$x1479-196X
=785  01$tHospital healthcare Europe. Radiology & imaging (2010)
=785  01$tHospital healthcare Europe. Laboratories ; cardiology
=852  11$aBritish Library$bSTI$k(P)$h616.0757$m-E(4)$32009
=985  \\$aISSN not assigned to new title as ISSN is not being printed and there is always a chance that the two merged titles may separate again. ED.
=CAT  \\$a8483$b40$c20091006$lBLL01$h1115
=CAT  \\$a8483$b40$c20091006$lBLL01$h1138
=CAT  \\$a8871$b40$c20110218$lBLL01$h1659
=CAT  \\$aWR14_140$c20140905$lBLL01$h1823
=FIN  \\$aY$d20091006
=FMT  \\$a  SE
=LAS  \\$aWR14_140$b00$c20140905$lBLL01$h1823
=LKR  \\$aPAR$b007197456$lBLL01$nHospital healthcare Europe. Cardiology$mHospital healthcare Europe. Radiology & imaging ; Cardiology$r78014
=LKR  \\$aPAR$b007029526$lBLL01$nHospital healthcare Europe. Radiology & imaging$mHospital healthcare Europe. Radiology & imaging ; Cardiology$r78014
=TCO  \\$aCLA$bCLA$c008

