=LDR  01548 as a2200445 a 4500
=001  015392902
=003  Uk
=005  20121219070744.0
=007  ta
=008  091014d2008200uenkmn\p\\\\\\\0\\\a0eng\\
=040  \\$aUk$beng$cUk
=042  \\$aukblsr
=082  04$a305.2309426$222
=245  00$aMaddog.
=246  3\$aMad dog
=246  13$aMaddog magazine
=246  13$aMad dog magazine
=260  \\$aIpswich :$bMad Dog Magazine,$c2008-
=300  \\$av. :$bill. (some col.), ports. (some col.) ;$c21 cm.
=310  \\$aMonthly (July/Aug. and Dec./Jan. issues combined)
=336  \\$atext$2rdacontent
=337  \\$aunmediated$2rdamedia
=338  \\$avolume$2rdacarrier
=362  0\$aIssue 1 (July/Aug. 08)-
=362  1\$aCeased in 2010?
=500  \\$aLatest issue consulted: Issue 5 (Dec./Jan. 2008).
=650  \0$aYouth$xSocial life and customs$zEngland$zEast Anglia$vPeriodicals.
=651  \0$aEast Anglia (England)$xSocial life and customs$vPeriodicals.
=690  7\$aSocial Welfare$2blcoll
=852  41$aBritish Library$bHMNTS$jZK.9.a.11154$3Issue 1 (July/Aug. 2008)-v. 2, issue 8 (2010)
=985  \\$aISSN not assigned because not clear if issue 6 onwards only published online
=CAT  \\$a8871$b40$c20091014$lBLL01$h1443
=CAT  \\$aBATCH$b00$c20110625$lBLL01$h0547
=CAT  \\$aBATCH-SWP4$c20110627$lBLL01$h1631
=CAT  \\$a7792$b40$c20111122$lBLL01$h0948
=CAT  \\$a7778$b40$c20121219$lBLL01$h0707
=FIN  \\$aY$d20091014
=FMT  \\$a  SE
=LAS  \\$a7778$b40$c20121219$lBLL01$h0707
=TCO  \\$aCLA$bCLA$c008

