=LDR  03474 as a2200781 a 4500
=001  015401728
=003  Uk
=005  20190708135941.0
=006  m\\\\\o\\d\\\\\\\\
=007  cr\|||||||||||
=008  090702d20092017enkuu\p\o\\\\\0\\\a0eng\c
=010  \\$a  2010256056
=022  \\$a2090-052X$l2090-052X
=035  \\$a(OCoLC)654344264$z(OCoLC)661085486$z(OCoLC)782078609$z(OCoLC)847863985$z(OCoLC)1004527669$z(OCoLC)1026537372$z(OCoLC)1029773285$z(OCoLC)1033576575$z(OCoLC)1038388474$z(OCoLC)1043052326
=037  \\$aISSN_20908032$bPortico$nHindawi
=040  \\$aQE2$beng$cQE2$dRBN$dHEBIS$dNLM$dCUS$dOCLCQ$dOCLCF$dOCLCQ$dDLC$dERD$dEUW$dJ9U$dOCLCQ$dWT2$dOCLCO$dOCLCA$dNLM$dLND$dCASUM$dOCLCQ$dWYU$dOCLCA$dUKMGB$dUk$epn
=042  \\$aukblsr
=050  00$aQH359
=060  10$aW1
=082  04$a576.805$223
=210  0\$aInt. j. evol. biol.
=222  \0$aInternational journal of evolutionary biology
=245  00$aInternational journal of evolutionary biology.
=246  3\$aIJEB
=260  \\$3<2012>-$aCairo :$bHindawi Pub. Corp.,$c2009-2017.
=264  21$aLondon :$bSAGE-Hindawi Access to Research
=264  31$a[London?] :$bHindawi
=336  \\$atext$2rdacontent
=337  \\$acomputer$2rdamedia
=338  \\$aonline resource$2rdacarrier
=362  1\$aBegan with vol. 2009, article ID 715086; ceased with Volume 2017 (2017).
=515  \\$aArticles added intermittently throughout the year, grouped by year, with each article also assigned an article ID no.
=588  \\$aDescription based on: Vol. 2009, article ID 715086; title from PDF article running title (viewed April 3, 2019).
=588  \\$aLatest issue consulted: Volume 2017, article ID 2704640 (Hindawi, viewed April 4, 2019).
=650  \0$aEvolution (Biology)$vPeriodicals.
=650  12$aBiological Evolution.
=650  22$aBiological Phenomena.
=650  \7$aEvolution (Biology)$2fast$0(OCoLC)fst00917302
=655  \0$aElectronic journals.
=655  \2$aPeriodical.
=655  \4$aFulltext.
=655  \4$aInternet Resources.
=655  \4$aPeriodicals.
=655  \7$aPeriodicals.$2fast$0(OCoLC)fst01411641
=710  2\$aHindawi Publishing Corporation.
=776  08$iAlso issued in print as:$tInternational journal of evolutionary biology$x2090-8032
=852  41$aBritish Library$bHMNTS$jELD Digital store$3Volume 2009(2009)-Volume 2017(2017)
=856  40$uhttp://www.sage-hindawi.com/journals/ijeb/
=856  40$uhttps://www.hindawi.com/journals/ijeb/
=859  \\$aELD$bejournal
=985  \\$aThis record had been part of 2018 transfer of ISSN from Egypt to UK but never updated in Portal - need to transfer again as part of 2019 mass transfer (Richard (Leeds) 06/03/19); "SAGE-Hindawi Access to Research" according to Google this covered years from 2007-2011.
=CAT  \\$a11316$b40$c20091027$lBLL01$h0813
=CAT  \\$a10983$b40$c20190222$lBLL01$h0933
=CAT  \\$a10806$b40$c20190306$lBLL01$h0841
=CAT  \\$a3072$b40$c20190403$lBLL01$h1133
=CAT  \\$a3072$b40$c20190403$lBLL01$h1202
=CAT  \\$a3072$b40$c20190403$lBLL01$h1203
=CAT  \\$aBATCH-016$c20190403$lBLL01$h2157
=CAT  \\$a3072$b40$c20190404$lBLL01$h1159
=CAT  \\$a3072$b40$c20190410$lBLL01$h1723
=CAT  \\$a3072$b40$c20190417$lBLL01$h1415
=CAT  \\$a15190$b40$c20190708$lBLL01$h1359
=FIN  \\$aY$d20091027
=FMT  \\$a  SE
=LAS  \\$a15190$b40$c20190708$lBLL01$h1359
=MNI  \\$a2090-8032
=SID  \\$aZ39$bOCLC
=TCO  \\$aCLA$bCLA$c008

