=LDR  01933 as a22004697a 4500
=001  015409852
=003  Uk
=005  20100225115020.0
=007  hd\afa015bacu
=008  091103c19869999enkwr\nea\\\\\0\\\a0eng\\
=040  \\$aUk$beng$cUk
=082  04$a072.1$267
=245  00$aSunday Sport$h[microform].
=310  \\$aWeekly
=336  \\$atext$2rdacontent
=337  \\$amicroform$2rdamedia
=338  \\$amicrofilm reel$2rdacarrier
=362  0\$aSept. 14th 1986-
=533  \\$aMicrofilm.$bLondon :$cBritish Library,$e35 mm.
=651  0\$aLondon (England)$vNewspapers.
=752  \\$aEngland$dLondon.$2blnpn
=772  0\$tDaily sport (Manchester, England : 1998)
=852  41$31986-1998$aBritish Library$bHMNTS$zMicroform.$jMFM.MLD44E
=852  41$aBritish Library$bNPL$314 Sept. 1986-***'Daily sport' and 'Sunday sport' stored and filmed together since 1999, see 'Daily sport' for holdings
=985  \\$aNPL record does not follow same title change sequence as shown by ISSN/BNB records DO NOT MERGE. Title change and later reversion not recorded by NPL. Record upgraded, but not seen for cataloguing.
=985  \\$a'Daily sport' and 'Sunday sport' stored and filmed together since 1999, see 'Daily sport' for holdings
=CAT  \\$a8128$b40$c20091103$lBLL01$h1737
=CAT  \\$a8128$b40$c20091103$lBLL01$h1738
=CAT  \\$a8128$b40$c20091103$lBLL01$h1740
=CAT  \\$a10932$b40$c20100225$lBLL01$h1150
=CAT  \\$aNPL-008-N$c20110504$lBLL01$h2229
=CAT  \\$aADD-NID$b00$c20110805$lBLL01$h1431
=CAT  \\$c20130924$lBLL01$h1341
=CAT  \\$c20130924$lBLL01$h1547
=CAT  \\$aNPL-LOCK$b77$c20140207$lBLL01$h2219
=CAT  \\$aNPL-UNLOCK$b00$c20140216$lBLL01$h0850
=FIN  \\$aY$d20091103
=FMT  \\$a  SE
=LAS  \\$aNPL-UNLOCK$b00$c20140216$lBLL01$h0850
=LKR  \\$aPAR$b013891340$lBLL01$nSunday sport (Print)$mSunday sport (Microfilm)$r776
=NID  \\$aNID0000840
=TCO  \\$aCLA$bCLA$c008

