=LDR  02256 as a2200517 a 4500
=001  015413131
=003  Uk
=005  20151208133129.0
=007  ta
=008  091109d20092014enkuu\p\\\\\\\0\\\a0eng\\
=015  \\$aGBA9A7683$2bnb
=040  \\$aUk$beng$cUk$dUk
=042  \\$aukblsr
=082  04$a428.007105$222
=245  04$aThe newsletter of the ES(O)L Special Interest Group in IATEFL.
=246  13$aNewsletter of the IATEFL ES(O)L Special Interest Group
=260  \\$a[Canterbury] :$bIATEFL,$c2009-
=300  \\$av. :$bill., ports. ;$c30 cm.
=336  \\$atext$2rdacontent
=337  \\$aunmediated$2rdamedia
=338  \\$avolume$2rdacarrier
=362  0\$aJan. 2009-
=530  \\$aSome issues are produced in electronic format only.
=610  20$aES(O)L SIG$vPeriodicals.
=650  \0$aEnglish language$xStudy and teaching$xForeign speakers$vPeriodicals.
=710  2\$aES(O)L SIG.
=710  2\$aInternational Association of Teachers of English as a Foreign Language.
=776  08$iContinued online:$tNewsletter of the ES(O)L Special Interest Group in IATEFL (Online)
=780  01$tJoint newsletter of the English as a Second or Other Language and the Testing, Evaluation and Assessment Special Interest Group$x1742-4968
=787  0\$tTEASIG newsletter
=852  41$aBritish Library$bHMNTS$jZK.9.b.22200$3Jan. (2009)- Issue 2 (Jul.2014)
=985  \\$aISSN Centre note: International organisation, ISSN would need to be assigned by the ISSN International Centre -SF 16/08/2012.
=CAT  \\$a5110$b40$c20091109$lBLL01$h1100
=CAT  \\$a5110$b40$c20091111$lBLL01$h1542
=CAT  \\$a5110$b40$c20091111$lBLL01$h1548
=CAT  \\$a3072$b40$c20111202$lBLL01$h1707
=CAT  \\$a11316$b40$c20120816$lBLL01$h1650
=CAT  \\$aWR14_140$c20140905$lBLL01$h1823
=CAT  \\$a3072$b40$c20151208$lBLL01$h1207
=CAT  \\$a3072$b40$c20151208$lBLL01$h1214
=CAT  \\$a3072$b40$c20151208$lBLL01$h1331
=FIN  \\$aY$d20091109
=FMT  \\$a  SE
=LAS  \\$a3072$b40$c20151208$lBLL01$h1331
=LKR  \\$aPAR$b014802017$lBLL01$nJoint newsletter of the English as a Second or Other Language and the Testing, Evaluation and Assessment Group$mNewsletter of the ES(O)L Special Interest Group in IATEFL$r78001
=TCO  \\$aCLA$bCLA$c008

