=LDR  04079 ai a2200925 a 4500
=001  015417213
=003  Uk
=005  20170302071613.0
=007  td
=008  091112d20062006enkar\l\\f\\\\0\\\a2eng\\
=015  \\$aGBA9B0099$2bnb
=020  \\$a9781899461097 (loose-leaf) :$cNo price
=020  \\$a1899461094 (loose-leaf) :$cNo price
=022  0\$a1753-9803
=040  \\$aUk$beng$cUk$dUk
=042  \\$aukblsr
=082  04$a346.4107$222
=222  \0$aCommercial contracts$b(Print)
=245  00$aCommercial contracts.
=246  17$aCommercial contracts practice manual
=246  13$aPractical Law Company practice manual commercial contracts
=250  \\$a[2006 updated ed.].
=260  \\$aLondon :$bPractical Law Company,$c2006.
=300  \\$av. (loose-leaf) ;$c30 cm.
=310  \\$aUpdated annually
=336  \\$atext$2rdacontent
=337  \\$aunmediated$2rdamedia
=338  \\$avolume$2rdacarrier
=490  0\$aPLC practice manuals
=540  \\$aBritish Library not licensed to copy$c0$5Uk
=650  \0$aContracts$zGreat Britain$vHandbooks, manuals, etc.
=650  \0$aCommercial law$zGreat Britain$vHandbooks, manuals, etc.
=776  0\$tCommercial contracts$c(Online)$x1753-9811
=852  41$aBritish Library$bHMNTS$jZC.9.b.9135$3Vol. 1 (2006)-v. 3 (2006)
=985  \\$aDo not merge with ISSN record on #13681442
=ACF  \\$aBritish Library not licensed to copy$c0$e01-apr-2012$hC$iCLA Excluded$5Uk
=ACF  \\$aBritish Library not licensed to copy$c0$e01-jan-2012$hC$iCLA Excluded$5Uk
=ACF  \\$aBritish Library not licensed to copy$c0$e01-oct-2011$hC$iCLA Excluded$5Uk
=ACF  \\$aBritish Library not licensed to copy$c0$e01-jul-2011$hC$iCLA Excluded$5Uk
=ACF  \\$aBritish Library not licensed to copy$c0$e01-apr-2011$hC$iCLA Excluded$5Uk
=ACF  \\$aBritish Library not licensed to copy$c0$e01-jan-2011$hC$iCLA Excluded$5Uk
=ACF  \\$aBritish Library not licensed to copy$c0$e01-oct-2010$hC$iCLA Excluded$5Uk
=ACF  \\$aBritish Library not licensed to copy$c0$e01-jul-2010$hC$iCLA Excluded$5Uk
=ACF  \\$aPrevious Copyright Fee: GBP9.00$c0$e01-apr-2010$fGBP9.00$g0$hC$5Uk
=ACF  \\$aPrevious Copyright Fee: GBP9.00$c0$e01-Jan-2010$fGBP9.00$g0$hC$5Uk
=ACF  \\$aBritish Library not licensed to copy$c0$e01-jul-2012$hC$iCLA Excluded$5Uk
=ACF  \\$aBritish Library not licensed to copy$c0$e01-oct-2012$hC$iCFP Excluded$5Uk
=ACF  \\$aBritish Library not licensed to copy$c0$e01-apr-2013$hC$iCFP Excluded$5Uk
=CAT  \\$a8124$b40$c20091112$lBLL01$h0956
=CAT  \\$aBATCH-CLA$b00$c20110228$lBLL01$h1555
=CAT  \\$aIPL-CLA$c20110331$lBLL01$h1508
=CAT  \\$aBATCH-CLA$b00$c20110531$lBLL01$h1651
=CAT  \\$aIPL-CLA$c20110630$lBLL01$h1550
=CAT  \\$aBATCH-CLA$b00$c20110831$lBLL01$h1816
=CAT  \\$aIPL-CLA$c20110930$lBLL01$h1554
=CAT  \\$aBATCH-CLA$b00$c20111130$lBLL01$h1214
=CAT  \\$aIPL-CLA$c20111230$lBLL01$h2034
=CAT  \\$aBATCH-CLA$b00$c20120229$lBLL01$h1628
=CAT  \\$aIPL-CLA$c20120330$lBLL01$h1441
=CAT  \\$aBATCH-CLA$b00$c20120531$lBLL01$h1725
=CAT  \\$aIPL-CLA$c20120629$lBLL01$h1040
=CAT  \\$aBATCH-CLA$b00$c20120831$lBLL01$h1554
=CAT  \\$aIPL-CLA$c20120930$lBLL01$h2133
=CAT  \\$aBATCH-CLA$b00$c20121109$lBLL01$h1721
=CAT  \\$aWR12_128$c20121113$lBLL01$h1830
=CAT  \\$aBATCH-CLA$b00$c20130228$lBLL01$h1713
=CAT  \\$aIPL-CLA$c20130331$lBLL01$h1058
=CAT  \\$a540_fix$c20130403$lBLL01$h2017
=CAT  \\$aBATCH-CLA$b00$c20130531$lBLL01$h1651
=CAT  \\$aIPL-CLA$c20130701$lBLL01$h0132
=CAT  \\$aBATCH-CLA$b00$c20131129$lBLL01$h1704
=CAT  \\$aIPL-CLA$c20140101$lBLL01$h0124
=CAT  \\$a7778$b40$c20140115$lBLL01$h1340
=CAT  \\$a7778$b40$c20170302$lBLL01$h0716
=CFI  0\$aBritish Library not licensed to copy$c0$e01-jan-2014$hC$iCFP Excluded$5Uk
=CFI  2\$aBritish Library not licensed to copy$c0$e01-jul-2013$hC$iCFP Excluded$5Uk
=FIN  \\$aY$d20091112
=FMT  \\$a  SE
=LAS  \\$a7778$b40$c20170302$lBLL01$h0716
=TCO  \\$aCLA$bCLA$c008

