=LDR  01800 as a22004937a 4500
=001  015419867
=003  Uk
=005  20130917132925.0
=007  hd\afa015bacu
=008  091116d19692009enkwr\nea\\\\\0\\\a0eng\\
=022  1\$a0966-3827
=040  \\$aUk$beng$cUk
=082  04$a072.492$222
=222  \0$aWalsall observer
=245  00$aWalsall observer$h[microform].
=260  \\$aBirmingham :$bMidland Weekly Newspapers
=310  \\$aWeekly
=336  \\$atext$2rdacontent
=337  \\$amicroform$2rdamedia
=338  \\$amicrofilm reel$2rdacarrier
=362  0\$aNo. 5267 (3 Oct 1969)-
=362  1\$aCeased with July 24, 2009 issue.
=533  \\$aMicrofilm.$bLondon :$cBritish Library,$e35 mm.$m1980-
=651  \0$aWalsall (England)$vNewspapers.
=651  \0$aWest Midlands (England)$vNewspapers.
=752  \\$aEngland$bWest Midlands$dWalsall.$2blnpn
=780  00$tWalsall observer and South Staffordshire chronicle
=852  41$31982-2009$aBritish Library$bHMNTS$z-24 Jul 2009; DISC$zMicroform.$jMFM.SP111
=866  \\$aNewspapers :No. 5267 etc.(3 Oct 1969-24 Jul 2009)
=985  \\$aRecord created for Microfilm, using info from existing ISSN record. Not seen for cataloguing.
=CAT  \\$a8128$b40$c20091116$lBLL01$h1511
=CAT  \\$a8128$b40$c20091116$lBLL01$h1514
=CAT  \\$a8128$b40$c20091116$lBLL01$h1517
=CAT  \\$aNPL-008-N$c20110504$lBLL01$h2229
=CAT  \\$aADD-NID$b00$c20110805$lBLL01$h1431
=CAT  \\$a13427$b40$c20130917$lBLL01$h1329
=CAT  \\$aNPL-LOCK$b77$c20140207$lBLL01$h2219
=CAT  \\$c20140214$lBLL01$h1747
=FIN  \\$aY$d20091116
=FMT  \\$a  SE
=LAS  \\$c20140214$lBLL01$h1747
=LKR  \\$aPAR$b010820306$lBLL01$nWalsall observer (Print)$mWalsall observer (Microfilm)$r776
=NID  \\$aNID0000441
=TCO  \\$aCLA$bCLA$c008

