=LDR  02236cai a2200589 a 4500
=001  015441631
=003  Uk
=005  20230331170247.0
=007  td
=008  091208d20062006enkuu\l\\f\\\\0\\\a2eng\\
=015  \\$aGBA9C2230$2bnb
=020  \\$a1899461116 (loose-leaf) :$cNo price
=022  0\$a1754-8306
=040  \\$aUk$beng$cUk$dUk
=042  \\$aukblsr
=082  04$a346.410666$222
=222  \0$aShare purchases$b(Print)
=245  00$aShare purchases.
=246  13$aPLC practice manual share purchases
=246  13$aPractical Law Company practice manual share purchases
=246  13$aPractical Law Company practice manuals share purchases
=246  17$aShare purchases practice manual
=260  \\$aLondon :$bPractical Law Company,$c2006.
=300  \\$av. (loose-leaf) ;$c30 cm.
=310  \\$aUpdated annually
=336  \\$atext$2rdacontent
=337  \\$aunmediated$2rdamedia
=338  \\$avolume$2rdacarrier
=490  0\$aPLC practice manuals
=500  \\$aDimensions exclude binder.
=500  \\$aDescription based on: Main work (vol. 1) 2006.
=540  \\$aBritish Library not licensed to copy$c0$5Uk
=650  \0$aStock ownership$xLaw and legislation$zGreat Britain$vHandbooks, manuals, etc.
=650  \0$aStock transfer$xLaw and legislation$zGreat Britain$vHandbooks, manuals, etc.
=776  0\$tShare purchases$c(Online)$x1754-8314
=852  41$aBritish Library$bHMNTS$jZC.9.b.9136$3Main work v. 1 (2006)-v. 2 (2006)
=985  \\$aBinder not received at time of cataloguing. DO NOT MERGE with ISSN record on #013751054
=CAT  \\$a8124$b40$c20091208$lBLL01$h1141
=CAT  \\$a8124$b40$c20091208$lBLL01$h1142
=CAT  \\$a8124$b40$c20091208$lBLL01$h1155
=CAT  \\$a8124$b40$c20091208$lBLL01$h1232
=CAT  \\$a8124$b40$c20110929$lBLL01$h1059
=CAT  \\$a7778$b40$c20140115$lBLL01$h1343
=CAT  \\$a7778$b40$c20170302$lBLL01$h0718
=CAT  \\$aBATCH-CLA$b00$c20230314$lBLL01$h1829
=CAT  \\$aIPL-CLA$c20230331$lBLL01$h1702
=CFI  0\$aBritish Library not licensed to copy$c0$e01-apr-2023$hC$iCFP Excluded$5Uk
=FIN  \\$aY$d20091208
=FMT  \\$a  SE
=LAS  \\$aIPL-CLA$b00$c20230331$lBLL01$h1702
=LET  \0$aShare purchases (Print)
=TCO  \\$aCLA$bCLA$c008

