=LDR  01802 ai a2200517 a 4500
=001  015441783
=003  Uk
=005  20170302072003.0
=007  td
=008  091208d20062006enkar\l\\f\\\\0\\\a2eng\\
=015  \\$aGBA9C2250$2bnb
=020  \\$a1899461051 (loose-leaf) :$cNo price
=022  0\$a1754-8284
=040  \\$aUk$beng$cUk
=042  \\$aukblsr
=082  04$a657.7$222
=222  \0$aAsset purchases$b(Print)
=245  00$aAsset purchases.
=246  13$aPLC practice manual asset purchases
=246  13$aPractical Law Company practice manual asset purchases
=246  13$aPractical Law Company practice manuals asset purchases
=246  17$aAsset purchases practice manual
=260  \\$aLondon :$bPractical Law Company,$c2006.
=300  \\$av. (loose-leaf) ;$c30 cm.
=310  \\$aUpdated annually
=336  \\$atext$2rdacontent
=337  \\$aunmediated$2rdamedia
=338  \\$avolume$2rdacarrier
=490  0\$aPLC practice manuals
=500  \\$aDimensions exclude binder.
=500  \\$aDescription based on: Main work, 2006.
=650  \0$aAssets (Accounting)$vHandbooks, manuals, etc.
=690  7\$aManagement and Business Studies$2blcoll
=776  0\$tAsset purchases$c(Online)$x1754-8292
=852  41$aBritish Library$bHMNTS$jZC.9.b.9137$3Main work v. 1 (2006) v. 2 (2006)
=985  \\$aBinder not received at time of cataloguing. DO NOT MERGE with ISSN record on #013751026
=CAT  \\$a8124$b40$c20091208$lBLL01$h1245
=CAT  \\$aBATCH-MBS$c20110401$lBLL01$h2052
=CAT  \\$a8124$b40$c20110929$lBLL01$h1137
=CAT  \\$a7778$b40$c20140115$lBLL01$h1344
=CAT  \\$a7778$b40$c20170302$lBLL01$h0720
=FIN  \\$aY$d20091208
=FMT  \\$a  SE
=LAS  \\$a7778$b40$c20170302$lBLL01$h0720
=LET  \0$aAsset purchases (Print)
=TCO  \\$aCLA$bCLA$c008

