=LDR  02592cas a2200661 a 4500
=001  015450079
=003  Uk
=005  20230210010847.0
=007  ta
=008  091217c20079999ie\qr\p\\\\\\\0\\\a0eng\\
=015  \\$aGBB068727$2bnb
=022  0\$a2042-8286
=040  \\$aUk$beng$cUk$dUk
=042  \\$aukblsr
=082  04$a641.30209417$222
=222  \0$aNaturally good health$b(Print)
=245  00$aNaturally good health.
=246  13$aNaturally good health magazine
=260  \\$aUgley Green :$bTarget Publishing
=264  31$aDublin :$bTarget Publishing
=300  \\$av. :$bcol. ill., col. ports. ;$c30 cm.
=310  \\$aQuarterly
=336  \\$atext$2rdacontent
=337  \\$aunmediated$2rdamedia
=338  \\$avolume$2rdacarrier
=500  \\$a"The Irish health stores magazine sponsored by Wholefoods Wholesale."
=500  \\$aOn cover of Summer 2008 issue: "Incorporating Healthy living."
=500  \\$aDescription based on: Summer 2008 issue.
=540  \\$aCurrent Copyright Fee: GBP25.00$c0$5Uk
=588  \\$aLatest issue consulted: Autumn 2019.
=650  \0$aNatural foods$zIreland$vPeriodicals.
=650  \0$aNatural foods$xHealth aspects$zIreland$vPeriodicals.
=776  0\$tNaturally good health$c(Online)$x2042-8294
=852  41$aBritish Library$bHMNTS$jZK.9.b.29295$3Summer (2008)-
=985  \\$aISSN transferred from ISSN UK to ISSN Ireland, 05.09.2019.
=ACF  \\$aPrevious Copyright Fee: GBP20.00$c0$e01-jul-2020$fGBP20.00$g0$hC$5Uk
=ACF  \\$aPrevious Copyright Fee: GBP22.50$c0$e01-jan-2021$fGBP22.50$g0$hC$5Uk
=CAT  \\$a11315$b40$c20091217$lBLL01$h1000
=CAT  \\$a8464$b40$c20100429$lBLL01$h1305
=CAT  \\$a8871$b40$c20100602$lBLL01$h1117
=CAT  \\$a8464$b40$c20100614$lBLL01$h0826
=CAT  \\$a11313$b40$c20190903$lBLL01$h1546
=CAT  \\$a11313$b40$c20190905$lBLL01$h0853
=CAT  \\$aBATCH-CLA$b00$c20200529$lBLL01$h1537
=CAT  \\$aIPL-CLA$c20200701$lBLL01$h0108
=CAT  \\$aBATCH-CLA$b00$c20201126$lBLL01$h1411
=CAT  \\$aIPL-CLA$c20201231$lBLL01$h2319
=CAT  \\$aBATCH-CLA$b00$c20221130$lBLL01$h1430
=CAT  \\$aIPL-CLA$c20221231$lBLL01$h2248
=CAT  \\$aBATCH-CLA$b00$c20230209$lBLL01$h1517
=CAT  \\$aIPL-CLA$c20230210$lBLL01$h0108
=CFI  0\$aCurrent Copyright Fee: GBP25.00$c0$e09-feb-2023$fGBP25.00$g0$hC$5Uk
=CFI  2\$aBritish Library not licensed to copy$c0$e01-jan-2023$hC$iCFP Excluded$5Uk
=FIN  \\$aY$d20091217
=FMT  \\$a  SE
=LAS  \\$aIPL-CLA$b00$c20230210$lBLL01$h0108
=LET  \0$aNaturally good health magazine (Print)
=TCO  \\$aCLA$bCLA$c008

