=LDR  03785 as a2200817 a 4500
=001  015452184
=003  Uk
=005  20170206134841.0
=007  ta
=008  090212c20079999rm\fr\p\\\\\\\0\\\a0eng\\
=010  \\$a  2010220318
=022  \\$a1843-5270$l1843-5270
=035  \\$a(OCoLC)303495408
=040  \\$aIaAS$beng$cIaAS$dIaAS$dDNAL$dOCoLC$dUk
=042  \\$aukblsr
=070  0\$aSF604$b.B852
=072  \0$aL800
=082  04$a636.089$222
=210  1\$aBul. Univ. Agric. Sci. Vet. Med. Cluj-Napoca, Vet. Med.$b(Print)
=222  \0$aBulletin of University of Agricultural Sciences and Veterinary Medicine Cluj-Napoca. Veterinary Medicine$b(Print)
=245  00$aBulletin of University of Agricultural Sciences and Veterinary Medicine Cluj-Napoca.$pVeterinary medicine.
=246  1\$aBulletin UASVM veterinary medicine
=246  1\$aVeterinary medicine
=260  \\$aCluj-Napoca :$bAcademicPres,$c2007-
=300  \\$av. :$bill. ;$c29 cm.
=310  \\$aSemiannual
=336  \\$atext$2rdacontent
=337  \\$aunmediated$2rdamedia
=338  \\$avolume$2rdacarrier
=362  1\$aBegan with Vol. 64, issue 1/2 (2007).
=515  \\$aSome issues combined.
=540  \\$aBritish Library not licensed to copy$c0$5Uk
=588  \\$aDescription based on: Vol. 65, issue 1 (2008); title from cover.
=588  \\$aLatest issue consulted: Vol. 66, issue 2 (2009).
=588  \\$aLatest issue consulted: Vol. 66, issue 1 (2009).
=650  \0$aVeterinary medicine$vPeriodicals.
=710  2\$aUniversitatea de Științe Agricole și Medicină Veterinară Cluj-Napoca.
=776  08$iCD-ROM version:$tBulletin of University of Agricultural Sciences and Veterinary Medicine. Veterinary medicine$x2457-1407
=776  08$iOnline version:$tBulletin of University of Agricultural Sciences and Veterinary Medicine. Veterinary medicine$x1843-5378
=780  00$tBuletinul Universității de Științe Agricole și Medicină Veterinară Cluj-Napoca. Medicină veterinară
=852  41$aBritish Library$bDSC$j2785.830000$3Vol. 66, Issue 2 (2009)- v. 72, pt.1 (2015)
=945  \\$aBulletin- University of Agricultural Sciences and Veterinary Medicine Cluj-Napoca Veterinary Medicine
=959  \\$fHeld but not currently received
=985  \\$aPublisher has replied to claim that print has ceased, but ISSN record has additional physical format for print & no other evidence that print has ceased - unsure; bib rec left open for now.
=ACF  \\$aPrevious copyright fee: GBP9.00$c0$e01-jan-2010$fGBP9.00$g0$hA$5Uk
=ACF  \\$aPrevious copyright fee: GBP6.00$c0$e21-dec-2009$fGBP6.00$g0$hA$5Uk
=CAT  \\$a7154$b40$c20091221$lBLL01$h1532
=CAT  \\$aBATCH-UPD$b40$c20091231$lBLL01$h1813
=CAT  \\$aBATCH-UPD$b40$c20091231$lBLL01$h1831
=CAT  \\$aBATCH$b00$c20091231$lBLL01$h1851
=CAT  \\$aBATCH-UPD$b00$c20101124$lBLL01$h1954
=CAT  \\$aBATCH-UPD$b00$c20101125$lBLL01$h1220
=CAT  \\$aIPL-CLA$c20101231$lBLL01$h1528
=CAT  \\$a10969$b40$c20110208$lBLL01$h1331
=CAT  \\$a10969$b40$c20110208$lBLL01$h1334
=CAT  \\$a10969$b40$c20110208$lBLL01$h1336
=CAT  \\$a8124$b40$c20110215$lBLL01$h1249
=CAT  \\$a8153$b40$c20110218$lBLL01$h1432
=CAT  \\$aBATCH-UPD$b40$c20110907$lBLL01$h1832
=CAT  \\$aIPL-CLA$c20110908$lBLL01$h1747
=CAT  \\$aBATCH-CLA$b00$c20121109$lBLL01$h1721
=CAT  \\$a9713$b40$c20170126$lBLL01$h1247
=CAT  \\$a3072$b40$c20170206$lBLL01$h1348
=CFI  0\$aBritish Library not licensed to copy$c0$e07-sep-2011$hC$iTX$5Uk
=CFI  2\$aPrevious copyright fee: GBP10.50$c0$e01-jan-2011$fGBP10.50$g0$hA$5Uk
=FIN  \\$aY$d20110215
=FMT  \\$a  SE
=LAS  \\$a3072$b40$c20170206$lBLL01$h1348
=SRC  \\$aBLL02
=TCO  \\$aXXX$c008
=TOC  \\$aETOC

