=LDR  02004 as a22004697a 4500
=001  015475766
=003  Uk
=005  20160927111120.0
=007  ta
=008  100128d1973199uenkwr\n\\\\\\\0\\\a0eng\\
=040  \\$aUk$beng$cUk$dUk
=082  04$a072.751$223
=245  00$aWirral globe.
=310  \\$aWeekly
=336  \\$atext$2rdacontent
=337  \\$aunmediated$2rdamedia
=338  \\$avolume$2rdacarrier
=651  \0$aWirral (England)$vNewspapers.
=651  \0$aMerseyside (England)$vNewspapers.
=730  0\$aWirral globe (Birkenhead edition)$x1741-4407.$5Uk
=730  0\$aWirral globe (Wallasey edition)$x1741-4393.$5Uk
=730  0\$aWirral globe (West Wirral edition)$x1741-4377.$5Uk
=730  0\$aWirral globe (Bebington & Bromborough edition)$x1741-4385.$5Uk
=785  06$tWirral globe (Birkenhead edition)$x1741-4407
=785  06$tWirral globe (Wallasey edition)$x1741-4393
=785  06$tWirral globe (West Wirral edition)$x1741-4377
=785  06$tWirral globe (Bebington & Bromborough edition)$x1741-4385
=852  41$32006-2008$aBritish Library$bNPL$jNEWS.REG261
=866  \\$aNewspapers: vol. 22, no. 24 (15 June 1994)- ; Print issues are not available for conservation reasons where an alternative format exists. See separate record for microfilm holdings.
=985  \\$aISSN recs show a split into a number of editions, then re-merger in 2009. All NPL issues to 2009 (varying editions) recorded on NPL record. New record from 2009 to match with ISSN sequence.
=CAT  \\$a8128$b40$c20100128$lBLL01$h1352
=CAT  \\$a8201$b40$c20120120$lBLL01$h0944
=CAT  \\$a8323$b40$c20160511$lBLL01$h0914
=CAT  \\$a8323$b40$c20160927$lBLL01$h0938
=CAT  \\$a8323$b40$c20160927$lBLL01$h1026
=CAT  \\$a8323$b40$c20160927$lBLL01$h1111
=FIN  \\$aY$d20100128
=FMT  \\$a  SE
=LAS  \\$a8323$b40$c20160927$lBLL01$h1111
=LKR  \\$aPAR$b013920331$lBLL01$nWirral globe (Microfilm)$mWirral globe (Print)$r776
=NID  \\$aNID0024099
=TCO  \\$aCLA$bCLA$c008

