=LDR  01944 as a2200517 a 4500
=001  015480539
=003  Uk
=005  20110302092953.0
=007  ta
=008  100204d200u2010enkuu\p\\\\\\\0\\\a0eng\\
=040  \\$aUk$beng$cUk
=042  \\$aukblsr
=082  04$a338.47615109705$222
=245  00$aPharmaceutical market intelligence reports.$pAmericas.
=246  17$aPharma outlook
=246  30$aAmericas
=246  3\$aPharmaceutical market intelligence report
=260  \\$aChichester :$bEspicom,$c-2010.
=300  \\$av. ;$c30 cm.
=336  \\$atext$2rdacontent
=337  \\$aunmediated$2rdamedia
=338  \\$avolume$2rdacarrier
=362  0\$a-2010/Q2.
=500  \\$aDescription based on: Quarter 3, 2009.
=650  \0$aPharmaceutical industry$zAmerica$vPeriodicals.
=650  \0$aPharmaceutical industry$zAmerica$xForecasting$vPeriodicals.
=650  \0$aMarket surveys$zAmerica$vPeriodicals.
=690  7\$aManagement and Business Studies$2blcoll
=710  2\$aEspicom Business Intelligence.
=785  06$tPharmaceutical market intelligence reports. North America
=785  06$tPharmaceutical market intelligence reports. Latin America
=852  11$aBritish Library$bSTI$cBIPC$k(B) MKT$h338.47615109705$mBusiness$3Current issue
=852  41$aBritish Library$bHMNTS$jZC.9.b.8971$3Earlier issues
=852  41$aBritish Library$bHMNTS$jYK.2017.b.476
=985  \\$aISSN Centre note: Please do not assign ISSN to these titles. ISSN is assigned at the series level only.
=CAT  \\$a10806$b40$c20100204$lBLL01$h0920
=CAT  \\$a10806$b40$c20100204$lBLL01$h1438
=CAT  \\$a10806$b40$c20100204$lBLL01$h1456
=CAT  \\$aBATCH690$c20100715$lBLL01$h2117
=CAT  \\$aBATCH-MBS$c20100716$lBLL01$h2058
=CAT  \\$a11316$b40$c20110301$lBLL01$h0949
=CAT  \\$a11315$b40$c20110302$lBLL01$h0929
=FIN  \\$aY$d20100204
=FMT  \\$a  SE
=LAS  \\$a11315$b40$c20110302$lBLL01$h0929
=TCO  \\$aCLA$bCLA$c008

