=LDR  04765cas a22009497a 4500
=001  015492008
=003  Uk
=005  20110520075123.0
=007  ta
=008  100219c19179999enkwr\n\\\\\\\0\\\a0eng\\
=022  0\$y0963-2336
=040  \\$aUk$beng$cUk
=082  04$a072.595$222
=245  00$aBucks free press.
=246  3\$aBucks free press serving Wycombe, South Bucks & Chiltern districts
=260  \\$aHigh Wycombe :$bBucks Free Press
=260  3\$aWeybridge :$bNewsquest Media Group
=310  \\$aWeekly
=336  \\$atext$2rdacontent
=337  \\$aunmediated$2rdamedia
=338  \\$avolume$2rdacarrier
=540  \\$aBritish Library not licensed to copy$c0$5Uk
=651  0\$aHigh Wycombe (England)$vNewspapers.
=651  0\$aBuckinghamshire (England)$vNewspapers.
=752  \\$aEngland$bBuckinghamshire$dHigh Wycombe.$2blnpn
=780  00$tSouth Bucks free press, Wycombe and Maidenhead Journal
=852  41$31917-1985$aBritish Library$bNPL$jNEWS16359
=852  \\$32010-$aBritish Library$bNPL$jNEWS.REG1090
=866  \0$aNewspapers :no. 3162- (5 Oct. 1917-) ISSUES TO 1985 AVAILABLE IN PRINT; FOR ISSUES 1918, 1984, 1986- SEE MICROFILM.
=985  \\$aThe sub-title has changed several times on the issues since 1917, now printing "serving Wycombe, South Bucks & Chiltern districts" added variant title for now for accessioning. NPL record does not match with eds recorded by ISSN - DO NOT MERGE WITH ISSN RECORDS.
=985  \\$aNew record created for newspaper print versions - previously used an ISSN rec, now separated.
=ACF  \\$aBritish Library not licensed to copy$c0$e01-apr-2012$hC$iCLA Excluded$5Uk
=ACF  \\$aBritish Library not licensed to copy$c0$e01-jan-2012$hC$iCLA Excluded$5Uk
=ACF  \\$aBritish Library not licensed to copy$c0$e01-oct-2011$hC$iCLA Excluded$5Uk
=ACF  \\$aBritish Library not licensed to copy$c0$e01-jul-2011$hC$iCLA Excluded$5Uk
=ACF  \\$aBritish Library not licensed to copy$c0$e01-apr-2011$hC$iCLA Excluded$5Uk
=ACF  \\$aBritish Library not licensed to copy$c0$e01-jan-2011$hC$iCLA Excluded$5Uk
=ACF  \\$aBritish Library not licensed to copy$c0$e01-oct-2010$hC$iCLA Excluded$5Uk
=ACF  \\$aBritish Library not licensed to copy$c0$e01-jul-2010$hC$iCLA Excluded$5Uk
=ACF  \\$aBritish Library not licensed to copy$c0$e01-apr-2010$hC$iCLA Excluded$5Uk
=ACF  \\$aBritish Library not licensed to copy$c0$e01-jul-2012$hC$iCLA Excluded$5Uk
=ACF  \\$aBritish Library not licensed to copy$c0$e01-oct-2012$hC$iCFP Excluded$5Uk
=ACF  \\$aBritish Library not licensed to copy$c0$e01-apr-2013$hC$iCFP Excluded$5Uk
=ACF  \\$aBritish Library not licensed to copy$c0$e01-jul-2013$hC$iCFP Excluded$5Uk
=ACF  \\$aBritish Library not licensed to copy$c0$e01-oct-2013$hC$iCFP Excluded$5Uk
=ACF  \\$aBritish Library not licensed to copy$c0$e01-jan-2014$hC$iCFP Excluded$5Uk
=CAT  \\$a8128$b40$c20100219$lBLL01$h1504
=CAT  \\$aIPL-CLA$c20120330$lBLL01$h1441
=CAT  \\$aBATCH-CLA$b00$c20120531$lBLL01$h1727
=CAT  \\$aIPL-CLA$c20120629$lBLL01$h1041
=CAT  \\$aWR12_095$c20120629$lBLL01$h1842
=CAT  \\$aBATCH-CLA$b00$c20120831$lBLL01$h1556
=CAT  \\$aIPL-CLA$c20120930$lBLL01$h2134
=CAT  \\$aBATCH-CLA$b00$c20121109$lBLL01$h1721
=CAT  \\$aWR12_128$c20121113$lBLL01$h1831
=CAT  \\$aBATCH-CLA$b00$c20130228$lBLL01$h1714
=CAT  \\$aIPL-CLA$c20130331$lBLL01$h1058
=CAT  \\$a540_fix$c20130403$lBLL01$h2017
=CAT  \\$aBATCH-CLA$b00$c20130531$lBLL01$h1652
=CAT  \\$aIPL-CLA$c20130701$lBLL01$h0134
=CAT  \\$aBATCH-CLA$b00$c20130830$lBLL01$h1631
=CAT  \\$c20130924$lBLL01$h1341
=CAT  \\$c20130924$lBLL01$h1547
=CAT  \\$aIPL-CLA$c20130930$lBLL01$h1806
=CAT  \\$aBATCH-CLA$b00$c20131129$lBLL01$h1705
=CAT  \\$aIPL-CLA$c20140101$lBLL01$h0127
=CAT  \\$aNPL-LOCK$b77$c20140207$lBLL01$h2219
=CAT  \\$c20140214$lBLL01$h1747
=CAT  \\$aBATCH-CLA$b00$c20140228$lBLL01$h1620
=CAT  \\$aIPL-CLA$c20140331$lBLL01$h1637
=CAT  \\$aBATCH-CLA$b00$c20140530$lBLL01$h1717
=CAT  \\$aIPL-CLA$c20140630$lBLL01$h1747
=CFI  0\$aBritish Library not licensed to copy$c0$e01-jul-2014$hC$iCFP Excluded$5Uk
=CFI  2\$aBritish Library not licensed to copy$c0$e01-apr-2014$hC$iCFP Excluded$5Uk
=FIN  \\$aY$d20100219
=FMT  \\$a  SE
=LAS  \\$aIPL-CLA$b00$c20140630$lBLL01$h1747
=LET  \0$aBucks free press (Wycombe, South Bucks & Chiltern districts)
=LKR  \\$aPAR$b013892524$lBLL01$nSouth Bucks free press, Wycombe and Maidenhead Journal$mBucks free press$r78000
=LKR  \\$aPAR$b013892525$lBLL01$nBucks free press (Microfilm)$mBucks free press (Print)$r776
=NID  \\$aNID0000883
=TCO  \\$aCLA$bCLA$c008

