=LDR  02130 as a22005417a 4500
=001  015492784
=003  Uk
=005  20201229181309.0
=007  ta
=008  100222d19962010nikwr\n\\\\\\\0\\\a0eng\\
=022  1\$y1745-8013
=040  \\$aUk$beng$cUk$dUk
=082  04$a072.91627$223
=130  0\$aNorthern constitution (1996)
=245  10$aNorthern constitution.
=246  17$aConstitution
=260  \\$aColeraine :$b[Northern Constitution]
=310  \\$aWeekly
=336  \\$atext$2rdacontent
=337  \\$aunmediated$2rdamedia
=338  \\$avolume$2rdacarrier
=362  0\$a20 Apr. 1996-11 Feb. 2010.
=651  \0$aColeraine (Northern Ireland)$vNewspapers.
=651  \0$aLondonderry (Northern Ireland : County)$vNewspapers.
=752  \\$aNorthern Ireland$bCounty Londonderry$dColeraine.$2blnpn
=780  00$tColeraine Constitution
=785  06$tNorthern constitution, the Limavady chronicle$x2043-9717
=785  06$tNorthern constitution, Mid-Ulster courier$x2043-9725
=852  41$32010-$aBritish Library$bNPL$jNEWS.REG782
=866  \\$aPRINT NOT AVAILABLE FOR CONSERVATION REASONS, MICROFILM IS AVAILABLE.
=985  \\$aNPL records do not show same c/t sequence as ISSN records -separate rec created. DO NOT MERGE WITH ISSN RECS. Unable to reconcile with ISSN recs - check of stock 2004-2009 showed no ed statements, but copy 4 Feb 2010 printing ISSN for Limavady ed and has subtitle "Limavady's weekly newspaper".
=CAT  \\$a8128$b40$c20100222$lBLL01$h1220
=CAT  \\$a8128$b40$c20100222$lBLL01$h1227
=CAT  \\$a8128$b40$c20100317$lBLL01$h1658
=CAT  \\$aBATCH$b00$c20100910$lBLL01$h1555
=CAT  \\$aNPL-008-N$c20110504$lBLL01$h2229
=CAT  \\$aADD-NID$b00$c20110805$lBLL01$h1431
=CAT  \\$aWR12_095$c20120629$lBLL01$h1842
=CAT  \\$c20130924$lBLL01$h1341
=CAT  \\$c20130924$lBLL01$h1547
=CAT  \\$aNPL-LOCK$b77$c20140207$lBLL01$h2219
=CAT  \\$c20140214$lBLL01$h1747
=CAT  \\$a14185$b40$c20201229$lBLL01$h1813
=FIN  \\$aY$d20100222
=FMT  \\$a  SE
=LAS  \\$a14185$b40$c20201229$lBLL01$h1813
=NID  \\$aNID0000915
=TCO  \\$aCLA$bCLA$c008

