=LDR  03393cas a2200721 i 4500
=001  015502726
=003  Uk
=005  20181126141118.0
=008  080328c20059999mv\fr\p\\\b\\\0\\\b0rum\\
=022  \\$y1857-1050$y1857-1042$y2345-1181$y2345-1408
=040  \\$aDLC$beng$cDLC$dDLC$dUk$erda
=041  0\$arum$arus$beng$bfre
=245  00$aArta.$pSeria arte audiovizuale : teatru, cinema, muzică.$pSeroa Arte vizuale : arte plastice, arhitectură /$cAcademia de Științe a Republicii Moldova, Institutul Studiul Artelor ; Academia de Ştiinţe a Moldovei Institutul Patrimoniului Cultural Centrul Studiul Artelor.
=246  30$aArte audiovizuale
=246  30$aArte vizuale
=246  30$aStudiul artelor şi culturologie :$bistorie, teorie, practică
=260  \\$aChișinău :$bEditura Garomont :$bEpigraf S.R.L. :$bValinex SRL,$c2005-
=264  31$a©2017 Academia de Muzică, Teatru şi Arte Plastice :$bValinex SRL
=300  \\$billustrations (black and white), music (black and white) ;$c29 cm
=310  \\$aSemi annual,$b2013-
=321  \\$aAnnual
=336  \\$atext$2rdacontent
=337  \\$aunmediated$2rdamedia
=338  \\$avolume$2rdacarrier
=362  0\$aYear 2005-
=362  0\$aNew volume numbering from 2013: Volume 1(22):Number 1(2013).
=500  \\$aEditura Garomont from 2013.
=500  \\$aValinex SRL from 2016.
=504  \\$aIncludes bibliographical references.
=546  \\$aSummaries in English and French, some paper in Russian.
=580  \\$aMerged with Arte vizuale : arte plastice, arhitectură (Chișinău: 2012) to form: Arta (Chișinău: 2013).
=588  \\$aDescription based on Volume 1(22):Number 1(2013) and Volume 2(22):Number 1(2013).
=650  \0$aArts, Moldovan$vPeriodicals.
=650  \0$aMotion picture film$vPeriodicals.
=650  \0$aMusic$vPeriodicals.
=651  \0$aMoldova$vPeriodicals.
=710  2\$aAcademia de Științe a Republicii Moldova.$bInstitutul Studiul Artelor.
=710  2\$aAcademia de Ştiinţe a Moldovei.$bInstitutul Patrimoniului Cultural Centrul Studiul Artelor.
=852  41$aBritish Library$bHMNTS$jZF.9.b.1637$3Year 2007-
=985  \\$aISSN 1857-1050 Volume 1:Number 1, 2(2013), Arte audio-vizuale 2011; ISSN 1857-1042 Arte vizuale 2011, 2012 ; ISSN 2345-1408 Studiul artelor şi culturologie : istorie, teorie, practică 2016 nr.1(28).
=CAT  \\$a11853$b40$c20100305$lBLL01$h1645
=CAT  \\$a13151$b40$c20140115$lBLL01$h1103
=CAT  \\$a13151$b40$c20140115$lBLL01$h1120
=CAT  \\$a13151$b40$c20140115$lBLL01$h1137
=CAT  \\$a13151$b40$c20140116$lBLL01$h1025
=CAT  \\$a13151$b40$c20140711$lBLL01$h1119
=CAT  \\$a13151$b40$c20140711$lBLL01$h1120
=CAT  \\$a13151$b40$c20140711$lBLL01$h1425
=CAT  \\$a13151$b40$c20140711$lBLL01$h1433
=CAT  \\$a13151$b40$c20140811$lBLL01$h1333
=CAT  \\$a13151$b40$c20140811$lBLL01$h1336
=CAT  \\$a13151$b40$c20150218$lBLL01$h1922
=CAT  \\$a13151$b40$c20170424$lBLL01$h1142
=CAT  \\$a13151$b40$c20170424$lBLL01$h1255
=CAT  \\$a13151$b40$c20170424$lBLL01$h1257
=CAT  \\$a13151$b40$c20170424$lBLL01$h1258
=CAT  \\$a13151$b40$c20170424$lBLL01$h1300
=CAT  \\$a13151$b40$c20170424$lBLL01$h1301
=CAT  \\$a8874$b40$c20181126$lBLL01$h1411
=FIN  \\$aY$d20100305
=FMT  \\$a  SE
=LAS  \\$a8874$b40$c20181126$lBLL01$h1411
=TCO  \\$aXXX$c008

