=LDR  01664 as a22005058a 4500
=001  015518143
=003  Uk
=005  20120327123256.0
=007  ta
=008  100325d20102010enkwr\n\\\\\\\0\\\a0eng\\
=022  0\$a2044-0723$202
=040  \\$aUk$beng$cUk$dUk
=082  04$a072.496$222
=222  \4$aThe Birmingham press
=245  04$aThe Birmingham press
=260  \\$aKnowle, Solihull :$bCJB Media
=263  \\$a201004
=310  \\$aWeekly
=336  \\$atext$2rdacontent
=337  \\$aunmediated$2rdamedia
=338  \\$avolume$2rdacarrier
=651  0\$aBirmingham (England)$vNewspapers.
=651  0\$aWest Midlands (England)$vNewspapers.
=752  \\$aEngland$bWest Midlands$dBirmingham.$2blnpn
=787  0\$tSolihull press$x2044-1223
=787  0\$tSutton Coldfield press$x2044-1231
=852  41$32010$aBritish Library$bNPL$jNEWS.REG314
=866  \\$aNewspapers :Apr. 2010-Sept. 2010
=985  \\$aISSN UK: Reciprocal 787 fields added at pre-pub stage - please amend on completion if necessary (Richard 07/04/10)
=CAT  \\$a11315$b40$c20100325$lBLL01$h1051
=CAT  \\$a10806$b40$c20100407$lBLL01$h1326
=CAT  \\$a10806$b40$c20100407$lBLL01$h1335
=CAT  \\$a8323$b40$c20110412$lBLL01$h1653
=CAT  \\$aNPL-008-N$c20110504$lBLL01$h2230
=CAT  \\$aADD-NID$b00$c20110805$lBLL01$h1431
=CAT  \\$a8201$b40$c20120327$lBLL01$h1232
=CAT  \\$c20130924$lBLL01$h1341
=CAT  \\$c20130924$lBLL01$h1547
=CAT  \\$aNPL-LOCK$b77$c20140207$lBLL01$h2219
=CAT  \\$c20140214$lBLL01$h1747
=FIN  \\$aY$d20120327
=FMT  \\$a  SE
=LAS  \\$c20140214$lBLL01$h1747
=NID  \\$aNID0033705
=TCO  \\$aCLA$bCLA$c008

