=LDR  05115cas a2201093 a 4500
=001  015525525
=003  Uk
=005  20221231145028.0
=006  m\\\\\\\\d\\\\\\\\
=007  cr||||||||||||
=008  090730d20092013ja\fr\p\s\\\\\0\\\a0eng\d
=022  \\$a1867-0474$l1867-0466
=035  \\$a(OCoLC)475704370
=040  \\$aNz$cUX1$dCIT$dUk
=042  \\$aukblsr
=050  \4$aQH505
=060  00$aW1$bNI42QI
=082  04$a571.4$222
=210  1\$aJ. biorheol.$b(Internet)
=222  \0$aJournal of biorheology$b(Internet)
=245  00$aJournal of biorheology$h[electronic resource].
=260  \\$aTokyo :$bSpringer Japan
=310  \\$aSemiannual
=336  \\$atext$2rdacontent
=337  \\$acomputer$2rdamedia
=338  \\$aonline resource$2rdacarrier
=362  1\$aBegan with Vol. 23, no. 1 (2009).
=362  0\$a-volume 27, issue 1/2 (November 2013).
=500  \\$aLatest issue consulted: volume 27, issue 1/2 (November 2013) (SpringerLink, viewed September 26, 2014).
=520  \\$aCovers the science and application of the deformation and flow properties of biological materials including food materials.
=540  \\$aCurrent copyright fee: GBP29.95$c22\1$5Uk
=550  \\$aOfficial journal of the Japanese Society of Biorheology.
=650  \0$aRheology (Biology)$vPeriodicals.
=710  2\$aNihon Baioreorojī Gakkai.
=780  00$tNihon Baioreorojī Gakkai shi
=785  00$tJournal of Japanese Society of Biorheology
=852  41$aBritish Library$bDSC$j4954.064500$3Volume 23:Issue 1(2009)-Volume 27:Issue 1/2(2013)***See ESTAR for full holdings.
=856  \\$31850-9999$uhttp://www.springer.com/gb/$xBLDSS
=856  40$uhttp://www.springer.com/physics/biophysics/journal/12573
=945  \\$aJournal of biorheology
=959  \\$fHeld but not currently received
=985  \\$aContinued with C/T, the society as publisher (via J-STAGE), text mainly in Japanese and appears to have reverted to former title but with English title (printing the ISSN 2186-5663(online) ISSN: 0913-4778 (Print)). (Based on Vol. 27 no. 1 (2013) (J-Stage, viewed September 26, 2014) - SF - https://www.jstage.jst.go.jp/browse/jpnbr
=ACF  \\$aPrevious copyright fee: GBP22.00$c22\1$e07-apr-2010$fGBP22.00$g0$hP$5Uk
=ACF  \\$aPrevious copyright fee: GBP22.00$c22\1$e12-aug-2012$fGBP22.00$g0$hP$5Uk
=ACF  \\$aPrevious copyright fee: GBP25.00$c22\1$e01-jan-2013$fGBP25.00$g0$hP$5Uk
=ACF  \\$aPrevious copyright fee: GBP25.77$c22\1$e01-jul-2013$fGBP25.77$g0$hP$5Uk
=ACF  \\$aPrevious copyright fee: GBP24.97$c22\1$e01-jan-2014$fGBP24.97$g0$hP$5Uk
=ACF  \\$aPrevious copyright fee: GBP24.21$c22\1$e01-jul-2014$fGBP24.21$g0$hP$5Uk
=ACF  \\$aPrevious copyright fee: GBP25.77$c22\1$e01-apr-2015$fGBP25.77$g0$hP$5Uk
=ACF  \\$aPrevious copyright fee: GBP26.63$c22\1$e01-jul-2015$fGBP26.63$g0$hP$5Uk
=ACF  \\$aPrevious copyright fee: GBP25.77$c22\1$e01-oct-2015$fGBP25.77$g0$hP$5Uk
=ACF  \\$aPrevious copyright fee: GBP27.55$c22\1$e01-apr-2016$fGBP27.55$g0$hP$5Uk
=ACF  \\$aPrevious copyright fee: GBP29.59$c22\1$e01-oct-2016$fGBP29.59$g0$hP$5Uk
=ACF  \\$aPrevious copyright fee: GBP31.96$c22\1$e01-apr-2017$fGBP31.96$g0$hP$5Uk
=ACF  \\$aPrevious copyright fee: GBP30.73$c22\1$e01-oct-2017$fGBP30.73$g0$hP$5Uk
=ACF  \\$aPrevious copyright fee: GBP28.54$c22\1$e01-apr-2018$fGBP28.54$g0$hP$5Uk
=CAT  \\$a8464$b40$c20100407$lBLL01$h1139
=CAT  \\$aIPL-CLA$c20140630$lBLL01$h1747
=CAT  \\$a11316$b40$c20140926$lBLL01$h1500
=CAT  \\$aBLDSS-3PM$b00$c20150103$lBLL01$h1047
=CAT  \\$aBATCH-UPD$b00$c20150219$lBLL01$h1735
=CAT  \\$aIPL-CLA$c20150331$lBLL01$h1708
=CAT  \\$aBATCH-UPD$b00$c20150520$lBLL01$h1744
=CAT  \\$aIPL-CLA$c20150630$lBLL01$h1711
=CAT  \\$aBATCH-UPD$b00$c20150820$lBLL01$h1831
=CAT  \\$aIPL-CLA$c20150930$lBLL01$h1836
=CAT  \\$aBATCH-UPD$b00$c20160217$lBLL01$h1721
=CAT  \\$aIPL-CLA$c20160331$lBLL01$h1758
=CAT  \\$aBATCH-UPD$b00$c20160524$lBLL01$h2213
=CAT  \\$aBATCH-UPD$b00$c20160525$lBLL01$h0046
=CAT  \\$aBATCH-UPD$b00$c20160824$lBLL01$h1749
=CAT  \\$aIPL-CLA$c20160930$lBLL01$h1628
=CAT  \\$aBATCH-UPD$b00$c20170216$lBLL01$h1837
=CAT  \\$aIPL-CLA$c20170331$lBLL01$h1906
=CAT  \\$aBATCH-UPD$b00$c20170904$lBLL01$h1845
=CAT  \\$aIPL-CLA$c20170929$lBLL01$h1752
=CAT  \\$aBATCH-UPD$b00$c20180223$lBLL01$h1705
=CAT  \\$aIPL-CLA$c20180331$lBLL01$h1648
=CAT  \\$aBATCH-UPD$b00$c20180524$lBLL01$h1709
=CAT  \\$aIPL-CLA$c20180630$lBLL01$h1930
=CAT  \\$aBATCH-UPD$b00$c20221121$lBLL01$h1404
=CAT  \\$aIPL-CLA$c20221231$lBLL01$h1450
=CFI  0\$aCurrent copyright fee: GBP29.95$c22\1$e01-jan-2023$fGBP29.95$g0$hP$5Uk
=CFI  2\$aPrevious copyright fee: GBP34.00$c22\1$e01-jul-2018$fGBP34.00$g0$hP$5Uk
=EST  \\$a1
=FFP  \\$aY$bBLDSS-3PM
=FIN  \\$aY$d20101001
=FMT  \\$a  SE
=LAS  \\$aIPL-CLA$b00$c20221231$lBLL01$h1450
=MNI  \\$a1867-0466
=SID  \\$aZ39$bOCLC
=TCO  \\$aJPN$bJAACC$c008
=TOC  \\$aETOC
=UNO  \\$aY

