=LDR  02238 as a2200517 a 4500
=001  015526217
=003  Uk
=005  20150408134639.0
=007  ta
=008  880719d200u201uenkuu\\\\r\\\\0\\\a0eng\\
=015  \\$aGBB048219$2bnb
=040  \\$aUk$beng$cUk
=042  \\$aukblsr
=082  04$a333.08029416$222
=110  2\$aRoyal Institution of Chartered Surveyors.
=240  10$aChartered surveyors regional directory (Northern Ireland edition)
=245  10$aChartered surveyors regional directory :$byour essential guide to finding a surveyor in Northern Ireland /$cRICS.
=246  17$aRICS regional directory
=246  3\$aRICS chartered surveyors regional directory
=246  18$aChartered surveyors regional directory ... Northern Ireland
=250  \\$a[Northern Ireland ed.].
=260  3\$aLondon :$bWaterlow Legal and Regulatory
=300  \\$av. :$bcol. ill. ;$c25 cm.
=336  \\$atext$2rdacontent
=337  \\$aunmediated$2rdamedia
=338  \\$avolume$2rdacarrier
=500  \\$aDescription based on: 2009 issue.
=610  20$aRoyal Institution of Chartered Surveyors$vDirectories.
=650  \0$aSurveyors$zNorthern Ireland$vDirectories.
=690  7\$aManagement and Business Studies$2blcoll
=852  41$aBritish Library$bHMNTS$jZK.9.a.13013$32009-***Earlier issues
=852  11$aBritish Library$bSTI$cBIPC$k(B) DIR$h333.08029416$mBusiness$3Current issue
=985  \\$aNot convinced this has been going continually since 1987 (ISSN record for similar title 0951-3973) Possible joint "geographical directory" has intervened, or else cont. in part Geographical directory (0956-7763)? Does not directly continue Yearbook. CS 8/4/10
=CAT  \\$a8124$b40$c20100408$lBLL01$h1236
=CAT  \\$a8124$b40$c20100408$lBLL01$h1251
=CAT  \\$a8871$b40$c20100603$lBLL01$h1252
=CAT  \\$aBATCH-UPD$b40$c20100603$lBLL01$h1252
=CAT  \\$a11249$b40$c20100611$lBLL01$h1637
=CAT  \\$aBATCH690$c20100715$lBLL01$h2118
=CAT  \\$aBATCH-MBS$c20100716$lBLL01$h2058
=CAT  \\$a7778$b40$c20150408$lBLL01$h1346
=FIN  \\$aY$d20100408
=FMT  \\$a  SE
=LAS  \\$a7778$b40$c20150408$lBLL01$h1346
=LET  \0$aChartered surveyors regional directory. Northern Ireland ed.
=TCO  \\$aCLA$bCLA$c008

