=LDR  02181 as a2200529 a 4500
=001  015526222
=003  Uk
=005  20210428161703.0
=007  ta
=008  100408d200u2011enkuu\\\\r\\\\0\\\a0eng\\
=015  \\$aGBB048220$2bnb
=040  \\$aUk$beng$cUk
=042  \\$aukblsr
=082  04$a333.08029428$222
=110  2\$aRoyal Institution of Chartered Surveyors.
=240  10$aChartered surveyors regional directory (North East edition)
=245  10$aChartered surveyors regional directory :$byour essential guide to finding a surveyor in the North East /$cRICS.
=246  17$aRICS regional directory
=246  3\$aRICS chartered surveyors regional directory
=246  18$aChartered surveyors regional directory ... North East
=250  \\$a[North East ed.].
=260  3\$aLondon :$bWaterlow Legal and Regulatory
=300  \\$av. :$bcol. ill. ;$c25 cm.
=336  \\$atext$2rdacontent
=337  \\$aunmediated$2rdamedia
=338  \\$avolume$2rdacarrier
=500  \\$aDescription based on: 2009 issue.
=610  20$aRoyal Institution of Chartered Surveyors$vDirectories.
=650  \0$aSurveyors$zEngland, North East$vDirectories.
=690  7\$aManagement and Business Studies$2blcoll
=852  41$aBritish Library$bHMNTS$jZK.9.a.13015$32009-2011***Earlier issues
=852  11$aBritish Library$bSTI$cBIPC$k(B) DIR$h333.08029428$mBusiness
=985  \\$aNot convinced is a split from North or East version of chartered surveyors regional directory (ISSN records beginning 1987). May cont. in part Geographical directory (0956-7763)? CS 8/4/10
=CAT  \\$a8124$b40$c20100408$lBLL01$h1249
=CAT  \\$a8124$b40$c20100408$lBLL01$h1251
=CAT  \\$a8124$b40$c20100408$lBLL01$h1332
=CAT  \\$a8871$b40$c20100603$lBLL01$h1247
=CAT  \\$aBATCH-UPD$b40$c20100603$lBLL01$h1248
=CAT  \\$a11249$b40$c20100611$lBLL01$h1637
=CAT  \\$aBATCH690$c20100715$lBLL01$h2118
=CAT  \\$aBATCH-MBS$c20100716$lBLL01$h2058
=CAT  \\$a7764$b40$c20210428$lBLL01$h1617
=FIN  \\$aY$d20100408
=FMT  \\$a  SE
=LAS  \\$a7764$b40$c20210428$lBLL01$h1617
=LET  \0$aChartered surveyors regional directory. North East ed.
=TCO  \\$aCLA$bCLA$c008

