=LDR  02093 as a2200493 a 4500
=001  015526253
=003  Uk
=005  20100611163832.0
=007  ta
=008  100408c20099999enkuu\\\\r\\\\0\\\a0eng\\
=015  \\$aGBB048225$2bnb
=040  \\$aUk$beng$cUk
=042  \\$aukblsr
=082  04$a333.08029429$222
=110  2\$aRoyal Institution of Chartered Surveyors.
=240  10$aChartered surveyors regional directory (Wales edition)
=245  10$aChartered surveyors regional directory :$byour essential guide to finding a surveyor in Wales /$cRICS.
=246  17$aRICS regional directory
=246  3\$aRICS chartered surveyors regional directory
=246  18$aChartered surveyors regional directory ... Wales
=250  \\$a[Wales ed.].
=260  3\$aLondon :$bWaterlow Legal and Regulatory
=300  \\$av. :$bcol. ill. ;$c25 cm.
=336  \\$atext$2rdacontent
=337  \\$aunmediated$2rdamedia
=338  \\$avolume$2rdacarrier
=500  \\$aDescription based on: 2009 issue.
=610  20$aRoyal Institution of Chartered Surveyors$vDirectories.
=650  \0$aSurveyors$zWales$vDirectories.
=690  7\$aManagement and Business Studies$2blcoll
=852  41$aBritish Library$bHMNTS$jZK.9.a.13016$32009-***Earlier issues
=852  11$aBritish Library$bSTI$cBIPC$k(B) DIR$h333.08029429$mBusiness$32009-2011***Current issue
=985  \\$aNot convinced this has been going continually since 1987 (ISSN record for similar title 0951-399X) Possible joint "geographical directory" has intervened, or else cont. in part Geographical directory (0956-7763)? Does not directly continue Yearbook. CS 8/4/10
=CAT  \\$a8124$b40$c20100408$lBLL01$h1326
=CAT  \\$a8871$b40$c20100603$lBLL01$h1249
=CAT  \\$aBATCH-UPD$b40$c20100603$lBLL01$h1249
=CAT  \\$a11249$b40$c20100611$lBLL01$h1638
=CAT  \\$aBATCH690$c20100715$lBLL01$h2118
=CAT  \\$aBATCH-MBS$c20100716$lBLL01$h2058
=FIN  \\$aY$d20100408
=FMT  \\$a  SE
=LAS  \\$aBATCH-MBS$b00$c20100716$lBLL01$h2058
=LET  \0$aChartered surveyors regional directory. Wales ed.
=TCO  \\$aCLA$bCLA$c008

