=LDR  02172 as a2200505 a 4500
=001  015526280
=003  Uk
=005  20161031092008.0
=007  ta
=008  100408d200u2011enkuu\\\\r\\\\0\\\a0eng\\
=015  \\$aGBB048234$2bnb
=040  \\$aUk$beng$cUk
=042  \\$aukblsr
=082  04$a333.08029422$222
=110  2\$aRoyal Institution of Chartered Surveyors.
=240  10$aChartered surveyors regional directory (South East edition)
=245  10$aChartered surveyors regional directory :$byour essential guide to finding a surveyor in the South East /$cRICS.
=246  17$aRICS regional directory
=246  3\$aRICS chartered surveyors regional directory
=246  18$aChartered surveyors regional directory ... South East
=250  \\$a[South East ed.].
=260  3\$aLondon :$bWaterlow Legal and Regulatory
=300  \\$av. :$bcol. ill. ;$c25 cm.
=336  \\$atext$2rdacontent
=337  \\$aunmediated$2rdamedia
=338  \\$avolume$2rdacarrier
=500  \\$aDescription based on: 2009 issue.
=610  20$aRoyal Institution of Chartered Surveyors$vDirectories.
=650  \0$aSurveyors$zEngland, South East$vDirectories.
=650  \0$aSurveyors$zChannel Islands$vDirectories.
=690  7\$aManagement and Business Studies$2blcoll
=852  11$aBritish Library$bSTI$cBIPC$k(B) DIR$h333.08029422$mBusiness$32009-2011
=852  41$aBritish Library$bHMNTS$jZK.9.a.13012$32009-***Earlier issues
=985  \\$aNot convinced this has been going continually since 1987 (ISSN record for similar title 0951-404X) Possible joint "geographical directory" has intervened, or else cont. in part Geographical directory (0956-7763)? Does not directly continue Yearbook. CS 8/4/10
=CAT  \\$a8124$b40$c20100408$lBLL01$h1351
=CAT  \\$aBATCH690$c20100715$lBLL01$h2118
=CAT  \\$aBATCH-MBS$c20100716$lBLL01$h2058
=CAT  \\$a10806$b40$c20111118$lBLL01$h1545
=CAT  \\$a7778$b40$c20150728$lBLL01$h1446
=CAT  \\$a7778$b40$c20161031$lBLL01$h0920
=FIN  \\$aY$d20100408
=FMT  \\$a  SE
=LAS  \\$a7778$b40$c20161031$lBLL01$h0920
=LET  \0$aChartered surveyors regional directory (South East edition)
=TCO  \\$aCLA$bCLA$c008

