=LDR  02586 ai a2200661 a 4500
=001  015568725
=003  Uk
=005  20160819133756.0
=007  ta
=008  990825c19989999enkuu\l\\r\\\\0\\\a2eng\\
=022  0\$a1467-6362
=040  \\$aUk$beng$cUk
=042  \\$aukblsr
=082  04$a381.340941$221
=084  \\$aAA 652$2blsrissc
=084  \\$aPJ 15$2blsrissc
=210  0\$aTrading stand. dir.
=222  \0$aTrading standards directory
=245  00$aTrading standards directory.
=246  13$ats directory
=260  \\$aHadleigh :$bItsa Limited,$c1998-
=260  2\$aBasildon :$bTrading Standards Institute
=260  3\$aBasildon :$bChartered Trading Standards Institute
=300  \\$av. (loose-leaf) ;$c30 cm.
=336  \\$atext$2rdacontent
=337  \\$aunmediated$2rdamedia
=338  \\$avolume$2rdacarrier
=588  \\$aDescription based on: Work updated to June 2016 update.
=610  20$aTrading Standards Institute$vDirectories.
=610  20$aChartered Trading Standards Institute$vDirectories.
=650  \0$aConsumer protection$zGreat Britain$vDirectories.
=690  7\$aManagement and Business Studies$2blcoll
=710  2\$aInstitute of Trading Standards Administration (Great Britain)
=710  2\$aTrading Standards Institute.
=710  2\$aChartered Trading Standards Institute.
=780  00$tDirectory of trading standards offices and other useful information$x0965-6774
=852  71$aBritish Library$bSTI$cRES$k(XB)$hAA 652$2blsrissc$3Superseded issues
=852  11$aBritish Library$bSTI$cBIPC$k(B) DIR$h381.340941$mBusiness$3.
=985  \\$aINTEGRATING RESOURCE. DO NOT MERGE WITH ISSN RECORD on #015568750. Record converted to integrating resource record 3/6/10, sight of Feb. 2010 update
=CAT  \\$a8124$b40$c20100603$lBLL01$h1202
=CAT  \\$a8124$b40$c20100603$lBLL01$h1204
=CAT  \\$a8124$b40$c20100603$lBLL01$h1220
=CAT  \\$aBATCH690$c20100715$lBLL01$h2118
=CAT  \\$aBATCH-MBS$c20100716$lBLL01$h2058
=CAT  \\$a8124$b40$c20160818$lBLL01$h1222
=CAT  \\$a8871$b40$c20160819$lBLL01$h1337
=FIN  \\$aY
=FMT  \\$a  SE
=LAS  \\$a8871$b40$c20160819$lBLL01$h1337
=LEO  \\$aMP22.0000061939
=LEO  \\$aMP5.0001511970
=LEO  \\$aMP25.0000337734
=LKR  \\$aPAR$b007743361$lBLL01$r78000$mTrading standards directory.$nDirectory of trading standards offices and other useful information
=SRC  \\$aDSS03$bbibsr.200404.2.aa
=SRC  \\$aISN01$bbibmp22.200404.2.aa
=SRC  \\$aBNB03$bbibmp5.200404.2.ac
=SRC  \\$aSRI01$bbibmp25.200404.2.aa
=TCO  \\$aCLA$bCLA$c008

