=LDR  03359cas a2200733 a 4500
=001  015575224
=003  Uk
=005  20230210010911.0
=007  ta
=008  100611c20109999enkfr\p\\\\\\\0\\\a0eng\\
=015  \\$aGBB071816$2bnb
=022  0\$a2079-0414
=040  \\$aUk$beng$cUk$dUk
=042  \\$aukblsr
=082  04$a371.2$222
=245  00$aLeadership & management :$bthe newsletter of the Leadership & Management Special Interest Group /$ciatefl.
=246  3\$aLeadership and management
=246  17$aIATEFL Leadership and management newsletter
=260  \\$aCanterbury :$bIATEFL,$c2010-
=300  \\$av. :$bill., ports. ;$c30 cm.
=310  \\$aSemiannual
=336  \\$atext$2rdacontent
=337  \\$aunmediated$2rdamedia
=338  \\$avolume$2rdacarrier
=362  0\$aIssue 41 (Apr. 2010)-
=540  \\$aCurrent Copyright Fee: GBP25.00$c0$5Uk
=610  20$aInternational Association of Teachers of English as a Foreign Language.$bLeadership and Management Special Interest Group$vPeriodicals.
=650  \0$aEnglish language$xStudy and teaching$xForeign speakers$vPeriodicals.
=650  \0$aLanguage schools$zGreat Britain$xManagement$vPeriodicals.
=650  \0$aSchool management and organization$zGreat Britain$vPeriodicals.
=710  2\$aInternational Association of Teachers of English as a Foreign Language.$bLeadership and Management Special Interest Group.
=780  00$tELT management$x1026-4299
=852  41$aBritish Library$bHMNTS$jZK.9.b.27925$3Issue 41 (Apr. 2010)-issue 49 (2018)
=985  \\$aForeign work record for ISSN, title OK. 022 used but not 222.
=ACF  \\$aPrevious Copyright Fee: GBP12.30$c0$e01-jan-2015$fGBP12.30$g0$hC$5Uk
=ACF  \\$aPrevious Copyright Fee: GBP15.00$c0$e01-jan-2017$fGBP15.00$g0$hC$5Uk
=ACF  \\$aPrevious Copyright Fee: GBP17.50$c0$e01-jan-2018$fGBP17.50$g0$hC$5Uk
=ACF  \\$aPrevious Copyright Fee: GBP20.00$c0$e01-jan-2020$fGBP20.00$g0$hC$5Uk
=ACF  \\$aPrevious Copyright Fee: GBP22.50$c0$e01-jan-2021$fGBP22.50$g0$hC$5Uk
=CAT  \\$a8124$b40$c20100611$lBLL01$h1105
=CAT  \\$a8124$b40$c20100611$lBLL01$h1106
=CAT  \\$a9572$b40$c20100617$lBLL01$h1050
=CAT  \\$a8124$b40$c20100618$lBLL01$h1256
=CAT  \\$aBATCH-CLA$b00$c20141128$lBLL01$h0927
=CAT  \\$aIPL-CLA$c20141231$lBLL01$h1701
=CAT  \\$aBATCH-CLA$b00$c20161130$lBLL01$h1642
=CAT  \\$aIPL-CLA$c20161230$lBLL01$h2344
=CAT  \\$aBATCH-CLA$b00$c20171130$lBLL01$h1701
=CAT  \\$aIPL-CLA$c20171231$lBLL01$h1801
=CAT  \\$aBATCH-CLA$b00$c20191129$lBLL01$h1620
=CAT  \\$aIPL-CLA$c20191231$lBLL01$h2023
=CAT  \\$aBATCH-CLA$b00$c20201126$lBLL01$h1412
=CAT  \\$aIPL-CLA$c20201231$lBLL01$h2322
=CAT  \\$aBATCH-CLA$b00$c20221130$lBLL01$h1431
=CAT  \\$aIPL-CLA$c20221231$lBLL01$h2253
=CAT  \\$aBATCH-CLA$b00$c20230209$lBLL01$h1518
=CAT  \\$aIPL-CLA$c20230210$lBLL01$h0109
=CFI  0\$aCurrent Copyright Fee: GBP25.00$c0$e09-feb-2023$fGBP25.00$g0$hC$5Uk
=CFI  2\$aBritish Library not licensed to copy$c0$e01-jan-2023$hC$iCFP Excluded$5Uk
=FIN  \\$aY$d20100611
=FMT  \\$a  SE
=LAS  \\$aIPL-CLA$b00$c20230210$lBLL01$h0109
=LKR  \\$aPAR$b005448138$lBLL01$r78000$mLeadership & management : the newsletter of the Leadership & Management Special Interest Group /$nELT management
=TCO  \\$aCLA$bCLA$c008

