=LDR  02839cas a22006738a 4500
=001  015585196
=003  Uk
=005  20230210010912.0
=007  ta
=008  100623c20109999enkqr\p\\\\\\\0\\\b0ita\\
=022  0\$a2044-8112$202
=040  \\$aUk$beng$cUk
=222  \0$aADHD in pratica$b(Print)
=245  00$aADHD in pratica (Print).
=246  3\$aAttention-deficit hyperactivity disorder in pratica
=260  \\$aLondon :$bHayward Medical Communications
=263  \\$a201006
=310  \\$aQuarterly
=336  \\$atext$2rdacontent
=337  \\$aunmediated$2rdamedia
=338  \\$avolume$2rdacarrier
=540  \\$aCurrent Copyright Fee: GBP25.00$c0$5Uk
=776  0\$tADHD in pratica$c(Online)$x2044-8120
=852  41$aBritish Library$bHMNTS
=985  \\$aISSN UK: Please check Italian expansion of ADHD on completion. May also need link to English version, 'ADHD in paractice' (ISSN 2041-2215)
=ACF  \\$aPrevious Copyright Fee: GBP12.00$c0$e01-jul-2012$fGBP12.00$g0$hC$5Uk
=ACF  \\$aPrevious Copyright Fee: GBP12.00$c0$e01-oct-2012$fGBP12.00$g0$hC$5Uk
=ACF  \\$aPrevious Copyright Fee: GBP12.30$c0$e01-apr-2015$fGBP12.30$g0$hC$5Uk
=ACF  \\$aPrevious Copyright Fee: GBP15.00$c0$e01-jan-2017$fGBP15.00$g0$hC$5Uk
=ACF  \\$aPrevious Copyright Fee: GBP17.50$c0$e01-jan-2018$fGBP17.50$g0$hC$5Uk
=ACF  \\$aPrevious Copyright Fee: GBP20.00$c0$e01-jan-2020$fGBP20.00$g0$hC$5Uk
=ACF  \\$aPrevious Copyright Fee: GBP22.50$c0$e01-jan-2021$fGBP22.50$g0$hC$5Uk
=CAT  \\$a10806$b40$c20100623$lBLL01$h1002
=CAT  \\$a10806$b40$c20100623$lBLL01$h1005
=CAT  \\$a10806$b40$c20100623$lBLL01$h1015
=CAT  \\$aBATCH-CLA$b00$c20120531$lBLL01$h1656
=CAT  \\$aIPL-CLA$c20120629$lBLL01$h1041
=CAT  \\$aBATCH-CLA$b00$c20120831$lBLL01$h1529
=CAT  \\$aIPL-CLA$c20120930$lBLL01$h2134
=CAT  \\$aBATCH-CLA$b00$c20150227$lBLL01$h1630
=CAT  \\$aIPL-CLA$c20150331$lBLL01$h1709
=CAT  \\$aBATCH-CLA$b00$c20161130$lBLL01$h1623
=CAT  \\$aIPL-CLA$c20161230$lBLL01$h2344
=CAT  \\$aBATCH-CLA$b00$c20171130$lBLL01$h1658
=CAT  \\$aIPL-CLA$c20171231$lBLL01$h1801
=CAT  \\$aBATCH-CLA$b00$c20191129$lBLL01$h1627
=CAT  \\$aIPL-CLA$c20191231$lBLL01$h2023
=CAT  \\$aBATCH-CLA$b00$c20201126$lBLL01$h1404
=CAT  \\$aIPL-CLA$c20201231$lBLL01$h2322
=CAT  \\$aBATCH-CLA$b00$c20221130$lBLL01$h1443
=CAT  \\$aIPL-CLA$c20221231$lBLL01$h2254
=CAT  \\$aBATCH-CLA$b00$c20230209$lBLL01$h1530
=CAT  \\$aIPL-CLA$c20230210$lBLL01$h0109
=CFI  0\$aCurrent Copyright Fee: GBP25.00$c0$e09-feb-2023$fGBP25.00$g0$hC$5Uk
=CFI  2\$aBritish Library not licensed to copy$c0$e01-jan-2023$hC$iCFP Excluded$5Uk
=FMT  \\$a  SE
=LAS  \\$aIPL-CLA$b00$c20230210$lBLL01$h0109
=LET  \0$aADHD in pratica (Print)
=TCO  \\$aCLA$bCLA$c008

