=LDR  02084 as a2200553 a 4500
=001  015593715
=003  Uk
=005  20170223110943.0
=007  ta
=008  100706c20109999ne\fr\p\\\\\\\0\\\a0eng\\
=022  0\$a1877-9751$y1572-0268
=040  \\$aUk$beng$cUk
=042  \\$aukblsr
=082  04$a415.05$222
=245  00$aReview of cognitive linguistics.
=260  \\$aAmsterdam :$bJohn Benjamins,$c2010-
=300  \\$av. :$bill. ;$c24 cm.
=310  \\$aSemiannual
=336  \\$atext$2rdacontent
=337  \\$aunmediated$2rdamedia
=338  \\$avolume$2rdacarrier
=362  0\$aVol. 8, no. 1 (2010)-
=500  \\$aAlso issued online.
=540  \\$aCurrent copyright fee: GBP20.00$c78\0$5Uk
=550  \\$aPublished under the auspices of the Spanish Cognitive Linguistics Association.
=650  \0$aCognitive grammar$vPeriodicals.
=710  2\$aSpanish Cognitive Linguistics Association.
=780  00$tAnnual review of cognitive linguistics$c(Print)$x1572-0268
=852  41$aBritish Library$bHMNTS$jZD.9.a.1306$3Vol. 8, no. 1(2010)-v. 13, n. 2 (2015)
=856  \\$31850-9999$uhttps://benjamins.com/#home$xBLDSS
=945  \\$aReview of Cognitive Linguistics
=979  \\$aBritish Library$bDSC$j7789.040000
=985  \\$aISSN work record only online. ISSN no. added but no 222 until portal record completed, CS
=CAT  \\$a8124$b40$c20100706$lBLL01$h1218
=CAT  \\$a8124$b40$c20100706$lBLL01$h1219
=CAT  \\$a5552$b40$c20121220$lBLL01$h1321
=CAT  \\$aBLDSS-3PM$b00$c20150131$lBLL01$h2314
=CAT  \\$a5552$b40$c20150814$lBLL01$h0903
=CAT  \\$aBATCH-UPD$b40$c20160413$lBLL01$h1824
=CAT  \\$a5552$b40$c20170223$lBLL01$h1109
=CFI  0\$aCurrent copyright fee: GBP20.00$c78\0$e20-dec-2012$fGBP20.00$g0$hP$5Uk
=FFP  \\$aY$bBLDSS-3PM
=FIN  \\$aY$d20100706
=FMT  \\$a  SE
=LAS  \\$a5552$b40$c20170223$lBLL01$h1109
=LKR  \\$aPAR$b013027511$lBLL01$r78000$mReview of cognitive linguistics.$nAnnual review of cognitive linguistics (Print)
=TCO  \\$aNLD$bSTICHTING REPRORECHT$c008
=TOC  \\$aETOC
=UNO  \\$aY

