=LDR  01683 as a2200433 a 4500
=001  015596178
=003  Uk
=005  20100924100953.0
=007  ta
=008  960920c19929999ie\mr\p\\\\\\\0\\\a0eng\\
=035  \\$a1559566
=035  \\$a(IeDuTC)b10710311
=038  \\$aUkLCURL
=040  \\$aUk$beng$cUk
=042  \\$aukblsr
=082  04$a351.417$222
=245  00$aPublic sector times :$bthe newspaper of the Civil and Public Service.
=260  \\$aBray,Co.Wicklow :$bPublic Sector Times,$c1992-
=300  \\$av. :$bcol. ill., col. ports. ;$c38-43 cm.
=310  \\$aMonthly
=321  \\$aIrregular
=336  \\$atext$2rdacontent
=337  \\$aunmediated$2rdamedia
=338  \\$avolume$2rdacarrier
=362  0\$aJuly(1992)-
=500  \\$aDescription based on: Vol. 34, issue 8 (Aug. 2008).
=650  \0$aCivil service$zIreland$vPeriodicals.
=650  \0$aPublic administration$zIreland$vPeriodicals.
=690  7\$aManagement and Business Studies$2blcoll
=852  41$aBritish Library$bHMNTS$jZK.9.d.3952$3Vol. 34, issue 9 (2008)-(Jun./Jul. 2017)
=985  \\$aRecord imported in order to process LDO continuation parts it will need upgrading when first issue is retrieved from the serial cataloguing backlog. Once catalogued please route to LDO 1st project so item can be accessioned. Not the same as Public sector times ISSN 0790-1232? (COPAC suggests this one ran only 1984-85)
=CAT  \\$a8464$b40$c20100707$lBLL01$h0955
=CAT  \\$a8124$b40$c20100924$lBLL01$h1009
=CAT  \\$aBATCH-MBS$c20101001$lBLL01$h2051
=FIN  \\$aY$d20100924
=FMT  \\$a  SE
=LAS  \\$aBATCH-MBS$b00$c20101001$lBLL01$h2051
=SID  \\$aZ39$bCURL
=TCO  \\$aIRL$bICLA$c008

