=LDR  02459 as a2200589u  4500
=001  015607766
=003  Uk
=005  20100721122713.0
=007  hd\afa015bacu
=008  100721c19469999enkwr\nea\\\\\0\\\a0eng\\
=022  1\$y0964-217X
=040  \\$aUk$beng$cUk
=082  04$a796.0942821$222
=245  04$aThe Star Green 'Un$h[microform].
=246  17$aGreen 'un
=260  \\$aSheffield :$bSheffield Newspapers,$c1946-
=300  \\$av. :$bcol. ill., col. ports. ;$c37 cm.
=310  \\$aWeekly
=336  \\$atext$2rdacontent
=337  \\$amicroform$2rdamedia
=338  \\$amicrofilm reel$2rdacarrier
=362  0\$aNo. 16500- (30 Nov. 1946-)
=500  \\$aDescription based on: 26 June 2010 issue.
=533  \\$aMicrofilm.$m1980-1985, 1995-$e35 mm.
=650  \0$aSports$zEngland$zSheffield$vNewspapers.
=650  \0$aSports$zGreat Britain$vNewspapers.
=651  0\$aSheffield (England)$vNewspapers.
=651  0\$aSouth Yorkshire (England)$vNewspapers.
=752  \\$aEngland$bSouth Yorkshire$dSheffield.$2blnpn
=780  00$tGreen "Un
=852  41$31980$aBritish Library$bHMNTS$z5 Jan. - 29th 17 May - 27 Dec$zMicroform.$jMFM.M18798 [1980]
=852  41$31981$aBritish Library$bHMNTS$zMicroform.$jMFM.M18799 [1981]
=852  41$31982$aBritish Library$bHMNTS$zMicroform.$jMFM.M18800 [1982]
=852  41$31983$aBritish Library$bHMNTS$zMicroform.$jMFM.M18801 [1983]
=852  41$31984$aBritish Library$bHMNTS$zMicroform.$jMFM.M18802 [1984]
=852  41$31985$aBritish Library$bHMNTS$zMicroform.$jMFM.M18803 [1985]
=852  41$aBritish Library$bNPL$cEW$3No. 16500-(30 Nov. 1946)-***Issues 1980-1985 and 1995 onwards available in microfilm
=852  41$31995-2013$aBritish Library$bHMNTS$z-Apr 2013$zMicroform.$jMFM.SP2076
=985  \\$aTitle change sequence does not match with that recorded by ISSN. This is new record to accommodate microfilm.
=CAT  \\$a8128$b40$c20100721$lBLL01$h1221
=CAT  \\$a8128$b40$c20100721$lBLL01$h1227
=CAT  \\$aNPL-008-N$c20110504$lBLL01$h2230
=CAT  \\$aADD-NID$b00$c20110805$lBLL01$h1431
=CAT  \\$c20130924$lBLL01$h1341
=CAT  \\$aNPL-LOCK$b77$c20140207$lBLL01$h2219
=CAT  \\$aNPL-UNLOCK$b00$c20140216$lBLL01$h0850
=FIN  \\$aY$d20100721
=FMT  \\$a  SE
=LAS  \\$aNPL-UNLOCK$b00$c20140216$lBLL01$h0850
=LKR  \\$aPAR$b013890579$lBLL01$nThe star green 'un (Print)$mThe star green 'un (Microfilm)$r776
=NID  \\$aNID0000803
=TCO  \\$aCLA$bCLA$c008

