=LDR  06099cas a2201213 a 4500
=001  015620929
=003  Uk
=005  20221231145036.0
=007  ta
=008  100805c20059999gw\mr\p\\\\\\\0\\\a0eng\\
=019  0\$as654344000
=022  0\$a1438-2377
=040  \\$aUk$beng$cUk$dUk
=041  0\$aeng$bger
=082  04$a664$221
=084  \\$aHP 30$2blsrissc
=210  1\$aEur. food res. technol.$b(Print)
=222  \0$aEuropean food research & technology$b(Print)
=245  00$aEuropean food research and technology :$bZeitschrift für Lebensmittel-Untersuchung und -Forschung A.
=246  30$aZeitschrift für Lebensmittel-Untersuchung und -Forschung A,$f1999-2004
=260  \\$aBerlin :$bSpringer,$c1999-
=300  \\$av. :$bill. ;$c28 cm.
=310  \\$aMonthly
=336  \\$atext$2rdacontent
=337  \\$aunmediated$2rdamedia
=338  \\$avolume$2rdacarrier
=362  0\$aVol. 220, no. 1 (Jan. 2005)-
=540  \\$aCurrent copyright fee: GBP29.95$c22\1$5Uk
=546  \\$aIncludes review abstracts in German.
=550  \\$aOfficial journal of the FECS/Division of Food Chemistry.
=550  \\$aOfficial organ of: EuCheMS, Division of Food Chemistry.
=650  \0$aFood$vPeriodicals.
=650  \0$aFood$xAnalysis$vPeriodicals.
=650  \0$aFood industry and trade$vPeriodicals.
=710  2\$aEuCheMS (Association).$bDivision of Food Chemistry.
=710  2\$aFederation of European Chemical Societies.$bFood Chemistry Division.
=780  00$tZeitschrift für Lebensmittel-Untersuchung und -Forschung. A, European food research and technology$x1431-4630
=852  41$aBritish Library$bDSC$j3829.715330$3Vol. 220, no. 2 (2005)-v. 231, no. 4 (2010)***Stock incomplete***UKRR Retained Title
=852  41$aBritish Library$bSTI$k(P)$hHP 30$m-E(7)$2blsrissc$3Vol. 209 (1999)-v. 231, no. 6 (2010)
=856  \\$31850-9999$uhttp://www.springer.com/gb/$xBLDSS
=945  \\$aEuropean food research and technology
=959  \\$fHeld but not currently received
=985  \\$aStart date is out of synch with ISSN record, because they regarded the changing of the order of German and English titles as a major title change.
=985  \\$aSTI STOCK FROM 1999 RECORDED HERE.
=ACF  \\$aPrevious Copyright Fee: GBP22.00$c0$e01-apr-2012$fGBP22.00$g0$hC$5Uk
=ACF  \\$aPrevious Copyright Fee: GBP22.00$c0$e01-jan-2012$fGBP22.00$g0$hC$5Uk
=ACF  \\$aPrevious Copyright Fee: GBP22.00$c0$e01-oct-2011$fGBP22.00$g0$hC$5Uk
=ACF  \\$aPrevious Copyright Fee: GBP22.00$c0$e01-jul-2011$fGBP22.00$g0$hC$5Uk
=ACF  \\$aPrevious Copyright Fee: GBP22.00$c0$e01-apr-2011$fGBP22.00$g0$hC$5Uk
=ACF  \\$aPrevious Copyright Fee: GBP22.00$c0$e01-jan-2011$fGBP22.00$g0$hC$5Uk
=ACF  \\$aPrevious Copyright Fee: GBP22.00$c0$e01-oct-2010$fGBP22.00$g0$hC$5Uk
=ACF  \\$aCurrent Copyright Fee: GBP22.00$c0$e01-jul-2012$fGBP22.00$g0$hC$5Uk
=ACF  \\$aPrevious copyright fee: GBP22.00$c22\3$e15-aug-2012$fGBP22.00$g0$hP$5Uk
=ACF  \\$aPrevious copyright fee: GBP25.00$c22\3$e01-jan-2013$fGBP25.00$g0$hP$5Uk
=ACF  \\$aPrevious copyright fee: GBP25.77$c22\3$e01-jul-2013$fGBP25.77$g0$hP$5Uk
=ACF  \\$aPrevious copyright fee: GBP24.97$c22\3$e01-jan-2014$fGBP24.97$g0$hP$5Uk
=ACF  \\$aPrevious copyright fee: GBP24.21$c22\3$e01-jul-2014$fGBP24.21$g0$hP$5Uk
=ACF  \\$aPrevious copyright fee: GBP25.77$c22\3$e01-apr-2015$fGBP25.77$g0$hP$5Uk
=ACF  \\$aPrevious copyright fee: GBP26.63$c22\3$e01-jul-2015$fGBP26.63$g0$hP$5Uk
=ACF  \\$aPrevious copyright fee: GBP25.77$c22\3$e01-oct-2015$fGBP25.77$g0$hP$5Uk
=ACF  \\$aPrevious copyright fee: GBP27.55$c22\3$e01-apr-2016$fGBP27.55$g0$hP$5Uk
=ACF  \\$aPrevious copyright fee: GBP29.59$c22\3$e01-oct-2016$fGBP29.59$g0$hP$5Uk
=ACF  \\$aPrevious copyright fee: GBP31.96$c22\3$e01-apr-2017$fGBP31.96$g0$hP$5Uk
=ACF  \\$aPrevious copyright fee: GBP30.73$c22\3$e01-oct-2017$fGBP30.73$g0$hP$5Uk
=ACF  \\$aPrevious copyright fee: GBP28.54$c22\3$e01-apr-2018$fGBP28.54$g0$hP$5Uk
=CAT  \\$a8874$b40$c20100805$lBLL01$h1324
=CAT  \\$aBATCH-CLA$c20140528$lBLL01$h1805
=CAT  \\$aIPL-CLA$c20140630$lBLL01$h1749
=CAT  \\$aBLDSS-3PM$b00$c20150103$lBLL01$h1048
=CAT  \\$aBATCH-UPD$b00$c20150219$lBLL01$h1744
=CAT  \\$aIPL-CLA$c20150331$lBLL01$h1710
=CAT  \\$aBATCH-UPD$b00$c20150520$lBLL01$h1751
=CAT  \\$aIPL-CLA$c20150630$lBLL01$h1712
=CAT  \\$aBATCH-UPD$b00$c20150820$lBLL01$h1839
=CAT  \\$aIPL-CLA$c20150930$lBLL01$h1838
=CAT  \\$aBATCH-UPD$b00$c20160217$lBLL01$h1729
=CAT  \\$aIPL-CLA$c20160331$lBLL01$h1800
=CAT  \\$aBATCH-UPD$b00$c20160524$lBLL01$h2214
=CAT  \\$aBATCH-UPD$b00$c20160525$lBLL01$h0049
=CAT  \\$aBATCH-UPD$b00$c20160824$lBLL01$h1756
=CAT  \\$aIPL-CLA$c20160930$lBLL01$h1630
=CAT  \\$aBATCH-UPD$b00$c20170216$lBLL01$h1845
=CAT  \\$aIPL-CLA$c20170331$lBLL01$h1907
=CAT  \\$aBATCH-UPD$b00$c20170904$lBLL01$h1853
=CAT  \\$aIPL-CLA$c20170929$lBLL01$h1753
=CAT  \\$aBATCH-UPD$b00$c20180223$lBLL01$h1725
=CAT  \\$aIPL-CLA$c20180331$lBLL01$h1649
=CAT  \\$aBATCH-UPD$b00$c20180524$lBLL01$h1715
=CAT  \\$aIPL-CLA$c20180630$lBLL01$h1931
=CAT  \\$aBATCH-UPD$b00$c20221121$lBLL01$h1404
=CAT  \\$aIPL-CLA$c20221231$lBLL01$h1450
=CFI  0\$aCurrent copyright fee: GBP29.95$c22\1$e01-jan-2023$fGBP29.95$g0$hP$5Uk
=CFI  2\$aPrevious copyright fee: GBP34.00$c22\1$e01-jul-2018$fGBP34.00$g0$hP$5Uk
=FFP  \\$aY$bBLDSS-3PM
=FIN  \\$aY$d20100805
=FMT  \\$a  SE
=LAS  \\$aIPL-CLA$b00$c20221231$lBLL01$h1450
=LEO  \\$aMP25.0000336502
=LKR  \\$aPAR$b016132162$lBLL01$nEuropean food research & technology (Online)$mEuropean food research & technology (Print)$r776
=LKR  \\$aPAR$b015620940$lBLL01$r78000$mEuropean food research & technology (Print)$nZeitschrift für Lebensmittel-Untersuchung und -Forschung. A, European food research and technology (Print)
=SRC  \\$aSRI01$bbibmp25.200404.2.aa
=TCO  \\$aDEU$bVG WORT$c008
=TOC  \\$aETOC
=UNO  \\$aY

