=LDR  01756 as a2200421 a 4500
=001  015670496
=003  Uk
=005  20101013150537.0
=007  ta
=008  101013c20059999enktr\p\\\\\\\0\\\a0eng\\
=015  \\$aGBB0C3457$2bnb
=022  \\$y2044-0766
=040  \\$aUk$beng$cUk
=042  \\$aukblsr
=082  04$a338.0408996$222
=245  00$aKnowledge fountain :$bKF.
=246  30$aKF
=260  \\$aBarking :$bCairn Company,$c2005-
=300  \\$av. :$bcol. ill., col. ports. ;$c30 cm.
=310  \\$aThree issues yearly
=336  \\$atext$2rdacontent
=337  \\$aunmediated$2rdamedia
=338  \\$avolume$2rdacarrier
=362  0\$aIssue 1 (Dec./Mar. 2005/6)-
=500  \\$aDescription based on: Vol. 2, issue 1 (Mar./July 2010).
=650  \0$aEntrepreneurship$vPeriodicals.
=650  \0$aBusinesspeople, Black$zGreat Britain$vPeriodicals.
=650  \0$aBusiness enterprises, Black$zGreat Britain$vPeriodicals.
=690  7\$aManagement and Business Studies$2blcoll
=852  11$aBritish Library$bSTI$cBIPC$k(P)$h338.0408996$m-E(1) Business$3Vol. 2, issue 1 (Mar./Jul. 2010)-v. 2, issue 2 (2010)
=985  \\$aRecord used to process LDO Continuation parts - will require full cataloguing when first issue is retrieved from the serials cataloguing backlog.
=985  \\$aTitle change to Knowledge fountain business magazine projected for 2011, ISSN for new title (on prepub record #015518691) being printed on this title. Agreed with ISSN centre not to assign ISSN to this and to complete prepub when new title come in, CS
=CAT  \\$a8124$b40$c20101013$lBLL01$h1505
=CAT  \\$aBATCH-MBS$c20110114$lBLL01$h2047
=FIN  \\$aY$d20101013
=FMT  \\$a  SE
=LAS  \\$aBATCH-MBS$b00$c20110114$lBLL01$h2047
=TCO  \\$aCLA$bCLA$c008

