=LDR  04005cas a2200925 i 4500
=001  015673313
=003  Uk
=005  20221231145040.0
=007  ta
=008  101019c20109999enkqr\p\\\\\\\0\\\a0eng\\
=015  \\$aGBB5B1920$2bnb
=022  0\$a1947-2498
=040  \\$aUk$beng$cUk$erda
=042  \\$aukblsr
=082  04$a954.005$223
=245  00$aSouth Asian history and culture.
=260  \\$aAbingdon, Oxon :$bTaylor & Francis,$c[2010]-
=300  \\$billustrations (black and white) ;$c25 cm
=310  \\$aQuarterly
=336  \\$atext$2rdacontent
=337  \\$aunmediated$2rdamedia
=338  \\$avolume$2rdacarrier
=362  1\$aBegan in 2010.
=530  \\$aIssued also online.
=540  \\$aCurrent copyright fee: GBP37.00$c2\0$5Uk
=588  \\$aDescription based on: volume 6, number 3 (July 2015).
=590  \\$aAlso available in Electronic Format: Route ALL FAILED DSC requests to Records Team
=651  \0$aSouth Asia$vPeriodicals.
=651  \0$aSouth Asia$xHistory$vPeriodicals.
=651  \0$aSouth Asia$xCivilization$vPeriodicals.
=852  41$aBritish Library$bHMNTS$jZK.9.a.14859$3Vol. 6, no. 1 (2015)-v. 6, no. 4 (2015)***title now taken as electronic copy only
=856  \\$31850-9999$uhttp://www.tandfonline.com/$xBLDSS
=945  \\$aSouth Asian History and Culture
=979  \\$aBritish Library$bDSC$j8348.626500N
=985  \\$aWork record only on ISSN portal. 12/8/2015.
=ACF  \\$aPrevious copyright fee: GBP17.00$c2\0$e19-oct-2010$fGBP17.00$g0$hP$5Uk
=ACF  \\$aPrevious copyright fee: GBP21.00$c2\0$e01-jan-2011$fGBP21.00$g0$hP$5Uk
=ACF  \\$aPrevious copyright fee: GBP23.00$c2\0$e01-jan-2012$fGBP23.00$g0$hP$5Uk
=ACF  \\$aPrevious copyright fee: GBP23.50$c2\0$e01-jan-2013$fGBP23.50$g0$hP$5Uk
=ACF  \\$aPrevious copyright fee: GBP24.00$c2\0$e01-jan-2014$fGBP24.00$g0$hP$5Uk
=ACF  \\$aPrevious copyright fee: GBP25.00$c2\0$e01-jan-2015$fGBP25.00$g0$hP$5Uk
=ACF  \\$aPrevious copyright fee: GBP26.00$c2\0$e01-jan-2016$fGBP26.00$g0$hP$5Uk
=ACF  \\$aPrevious copyright fee: GBP28.00$c2\0$e01-jan-2017$fGBP28.00$g0$hP$5Uk
=ACF  \\$aPrevious copyright fee: GBP30.00$c2\0$e01-jan-2018$fGBP30.00$g0$hP$5Uk
=ACF  \\$aPrevious copyright fee: GBP32.00$c2\0$e01-jan-2019$fGBP32.00$g0$hP$5Uk
=ACF  \\$aPrevious copyright fee: GBP34.00$c2\0$e01-jan-2020$fGBP34.00$g0$hP$5Uk
=CAT  \\$a11450$b40$c20101019$lBLL01$h1421
=CAT  \\$aIPL-CLA$c20130102$lBLL01$h1804
=CAT  \\$aBATCH-UPD$b00$c20131119$lBLL01$h2002
=CAT  \\$aIPL-CLA$c20140101$lBLL01$h0137
=CAT  \\$a8874$b40$c20140806$lBLL01$h1040
=CAT  \\$aBATCH-UPD$b40$c20141124$lBLL01$h1805
=CAT  \\$aBLDSS-3PM$b00$c20141130$lBLL01$h1250
=CAT  \\$a8874$b40$c20141201$lBLL01$h1037
=CAT  \\$aIPL-CLA$c20141231$lBLL01$h1701
=CAT  \\$a11205$b40$c20150812$lBLL01$h1431
=CAT  \\$aBATCH-UPD$b40$c20151119$lBLL01$h1545
=CAT  \\$aIPL-CLA$c20151231$lBLL01$h1932
=CAT  \\$aBATCH-UPD$b00$c20160413$lBLL01$h1825
=CAT  \\$aBATCH-UPD$b00$c20161122$lBLL01$h1514
=CAT  \\$aBATCH-UPD$b00$c20161122$lBLL01$h1624
=CAT  \\$aIPL-CLA$c20161230$lBLL01$h2348
=CAT  \\$aBATCH-UPD$b00$c20171121$lBLL01$h1649
=CAT  \\$aIPL-CLA$c20171231$lBLL01$h1804
=CAT  \\$aBATCH-UPD$b00$c20181217$lBLL01$h1640
=CAT  \\$aIPL-CLA$c20181231$lBLL01$h1550
=CAT  \\$aBATCH-UPD$b00$c20191122$lBLL01$h1902
=CAT  \\$aIPL-CLA$c20191231$lBLL01$h2025
=CAT  \\$aBATCH-UPD$b00$c20201118$lBLL01$h1336
=CAT  \\$aIPL-CLA$c20201231$lBLL01$h1532
=CAT  \\$aBATCH-UPD$b00$c20221121$lBLL01$h1349
=CAT  \\$aIPL-CLA$c20221231$lBLL01$h1450
=CFI  0\$aCurrent copyright fee: GBP37.00$c2\0$e01-jan-2023$fGBP37.00$g0$hP$5Uk
=CFI  2\$aPrevious copyright fee: GBP35.00$c2\0$e01-jan-2021$fGBP35.00$g0$hP$5Uk
=FFP  \\$aY$bBLDSS-3PM
=FIN  \\$aY$d20150812
=FMT  \\$a  SE
=LAS  \\$aIPL-CLA$b00$c20221231$lBLL01$h1450
=TCO  \\$aCLA$bCLA$cCLA
=TOC  \\$aETOC

