=LDR  04258cas a2200985 a 4500
=001  015680915
=003  Uk
=005  20230125115036.0
=006  m\\\\\\\\d\\\\\\\\
=007  cr\cn|||||||||
=008  010104d20002019enk\x\p\o\\\\\0\\\a1eng\\
=010  \\$a2001243461
=015  \\$aGBB0C9293$2bnb
=016  7\$a101084098$2DNLM
=016  7\$a2041216-2$2DE-600
=019  c\$a2605212
=022  \\$a1471-2091$l1471-2091$y1472-2091
=030  \\$aBBMIB3
=035  \\$a(OCoLC)48656747$z(OCoLC)45234227$z(OCoLC)177487474$z(OCoLC)252439328
=037  \\$a??$bBioMed Central
=040  \\$aNLM$cNLM$dCAS$dCGU$dWAU$dVAM$dNLM$dOCLCQ$dORU$dAGL$dOCLCQ$dHEBIS$dUk
=042  \\$aukblsr
=060  10$aW1
=070  0\$aQH345$b.B53
=072  \0$aX300
=082  04$a572.05$222
=245  00$aBMC biochemistry$h[electronic resource].
=246  3\$aBioMed Central biochemistry
=246  30$aBiochemistry
=247  11$aBMC biochemistry and structural biology$x1471-2237
=260  \\$aLondon :$bBioMed Central,$c2000-2019.
=300  \\$billustrations (black and white, and colour)
=336  \\$atext$2rdacontent
=337  \\$acomputer$2rdamedia
=338  \\$aonline resource$2rdacarrier
=362  0\$aVol. 1 (2000)-volume 20 (2019).
=500  \\$aTitle from BioMed Central archive volume screen (viewed Dec. 6, 2002).
=515  \\$aArticles are added consecutively to the current annual volume.
=520  \\$a"BMC Biochemistry covers all aspects of biochemistry, including metabolic pathways, enzyme functions, and small molecular components of cells and tissues."--BioMed Central's website [02/13/2001].
=540  \\$aCurrent copyright fee: zero$c22\1$5Uk
=547  \\$aOriginally titled: BMC biochemistry and structural biology. Original title was split into: BMC biochemistry, and: BMC structural biology. A new web site was created for BMC structural biology and all articles were reformatted with the later titles.
=588  \\$aLatest issue consulted: volume 16, October 2015 (publisher's website, viewed November 3, 2015).
=650  \0$aBiochemistry$vPeriodicals.
=785  04$tBMC molecular and cell biology$x2661-8850
=852  41$aBritish Library$bHMNTS$jDigital store$3Volume 1 Number 1 (2000)-Volume 14 (2013)
=852  41$aBritish Library$bHMNTS$jELD Digital store$3Volume 16:Issue 1(2015)-Volume 20:Issue 1(2019)
=856  \\$31850-9999$uhttp://link.springer.com/$xBLDSS
=856  40$uhttp://www.biomedcentral.com/bmcbiochem/
=856  40$uhttp://www.pubmedcentral.nih.gov/tocrender.fcgi?journal=12
=859  \\$aELD$bejournal
=945  \\$aBMC biochemistry.
=979  \\$aBritish Library$bDSC$j2116.050806N
=985  \\$aLegal Deposit ejournals
=985  \\$aCatalogued as "latest entry", as on derived record, because the original title split sometime in 2000 and issues were reformatted with new running titles see CONSER 31.8.2; do not merge with ISSN record.
=CAT  \\$a3072$b40$c20101028$lBLL01$h1405
=CAT  \\$a3072$b40$c20101028$lBLL01$h1406
=CAT  \\$a3072$b40$c20101028$lBLL01$h1418
=CAT  \\$a3072$b40$c20101116$lBLL01$h1033
=CAT  \\$a3072$b40$c20101116$lBLL01$h1104
=CAT  \\$a3072$b40$c20101116$lBLL01$h1106
=CAT  \\$aWR14.047$c20140417$lBLL01$h1645
=CAT  \\$a8311$b40$c20151014$lBLL01$h1413
=CAT  \\$a8323N$b50$c20151103$lBLL01$h1351
=CAT  \\$a8323N$b40$c20151104$lBLL01$h0752
=CAT  \\$a8323$b40$c20151105$lBLL01$h0957
=CAT  \\$aBATCH-CLA$b00$c20151127$lBLL01$h1630
=CAT  \\$aWR15058$c20151230$lBLL01$h1441
=CAT  \\$aW1711-1005$c20171206$lBLL01$h1823
=CAT  \\$a5552$b40$c20190123$lBLL01$h1554
=CAT  \\$aBATCH-UPD$b40$c20190129$lBLL01$h2353
=CAT  \\$aBLDSS-3PM$b00$c20190130$lBLL01$h1513
=CAT  \\$aBATCH-UPD$b00$c20190130$lBLL01$h1516
=CAT  \\$a8124$b40$c20230125$lBLL01$h0841
=CAT  \\$a8124$b40$c20230125$lBLL01$h1150
=CFI  0\$aCurrent copyright fee: zero$c22\1$e23-jan-2019$fGBP0.00$g0$hP$5Uk
=FFP  \\$aY$bBLDSS-3PM
=FIN  \\$aY$d20101028
=FMT  \\$a  SE
=LAS  \\$a8124$b40$c20230125$lBLL01$h1150
=LEO  \\$aMP10.0000102464
=SID  \\$aZ39$bOCLC
=SRC  \\$aDSS01$bbibmp10.200404.2.aa
=TCO  \\$aCLA$bCLA$c008
=TOC  \\$aETOC
=UNO  \\$aY

