=LDR  05418cas a2201129 a 4500
=001  015730874
=003  Uk
=005  20230410172315.0
=006  m\\\\\\\\d\\\\\\\\
=007  cr||||||||||||
=008  050713c20049999ko\qr\p\o\\\\\0\\\a0eng\d
=022  \\$a2005-4602$y1229-8557$l1229-8557
=035  \\$a(OCoLC)320298955$z(OCoLC)506037700
=040  \\$aLGG$beng$cLGG$dCIT$dUV0$dOCLCQ$dUk
=042  \\$aukblsr
=050  \4$aTJ4
=082  04$a620.0045$222
=210  1\$aInt. j. precis. eng. manuf.
=222  \0$aInternational journal of precision engineering and manufacturing
=245  00$aInternational journal of precision engineering and manufacturing$h[electronic resource].
=246  3\$aIJPEM
=260  \\$a[Seoul, Korea] :$bKorean Society of Precision Engineering ;$aHeidelberg :$bSpringer-Verlag [distributor]
=260  3\$a[Heidelberg] :$bKorean Society for Precision Engineering, in co-publication with Springer
=310  \\$aBimonthly
=336  \\$atext$2rdacontent
=337  \\$acomputer$2rdamedia
=338  \\$aonline resource$2rdacarrier
=362  1\$aBegan with: Vol. 5, no. 1 (Jan. 2004).
=540  \\$aCurrent copyright fee: GBP29.95$c22\1$5Uk
=580  \\$aPrint title preceded by an earlier title: International journal of the Korean Society of Precision Engineering.
=588  \\$aDescription based on: Vol. 10, no. 1 (Jan. 2009); title from PDF running title (SpringerLink, Jan. 26, 2010).
=588  \\$aLatest issue consulted: Vol. 12, no. 1 (Feb. 2011) (viewed Mar. 29, 2011).
=650  \0$aMechanical engineering$vPeriodicals.
=650  \0$aManufacturing processes$vPeriodicals.
=710  2\$aHanʾguk Chŏngmil Konghakhoe.
=776  0\$tInternational journal of precision engineering and manufacturing
=852  41$aBritish Library$bDSC$j4542.481770$3Volume 10:Issue 1(2009)-Volume 19:Issue 3(2018)***See ESTAR for full holdings.
=856  \\$31850-9999$uhttp://www.springer.com/gb/$xBLDSS
=856  4\$uhttp://www.springerlink.com/openurl.asp?genre=journal&issn=1229-8557
=859  \\$aXLD$bejournal
=945  \\$aInternational journal of precision engineering and manufacturing
=959  \\$fHeld but not currently received
=979  \\$aBritish Library$bDSC$j4542.481770
=985  \\$aISSN Centre note: Print version of 'International journal of precision engineering and manufacturing' not assigned separate ISSN by ISSN Korea. ISSN-L is 1229-8557.
=ACF  \\$aPrevious copyright fee: GBP22.00$c22\1$e12-jan-2010$fGBP22.00$g0$hP$5Uk
=ACF  \\$aPrevious copyright fee: GBP22.00$c22\1$e12-aug-2012$fGBP22.00$g0$hP$5Uk
=ACF  \\$aPrevious copyright fee: GBP25.00$c22\1$e01-jan-2013$fGBP25.00$g0$hP$5Uk
=ACF  \\$aPrevious copyright fee: GBP25.77$c22\1$e01-jul-2013$fGBP25.77$g0$hP$5Uk
=ACF  \\$aPrevious copyright fee: GBP24.97$c22\1$e01-jan-2014$fGBP24.97$g0$hP$5Uk
=ACF  \\$aPrevious copyright fee: GBP24.21$c22\1$e01-jul-2014$fGBP24.21$g0$hP$5Uk
=ACF  \\$aPrevious copyright fee: GBP25.77$c22\1$e01-apr-2015$fGBP25.77$g0$hP$5Uk
=ACF  \\$aPrevious copyright fee: GBP26.63$c22\1$e01-jul-2015$fGBP26.63$g0$hP$5Uk
=ACF  \\$aPrevious copyright fee: GBP25.77$c22\1$e01-oct-2015$fGBP25.77$g0$hP$5Uk
=ACF  \\$aPrevious copyright fee: GBP27.55$c22\1$e01-apr-2016$fGBP27.55$g0$hP$5Uk
=ACF  \\$aPrevious copyright fee: GBP29.59$c22\1$e01-oct-2016$fGBP29.59$g0$hP$5Uk
=ACF  \\$aPrevious copyright fee: GBP31.96$c22\1$e01-apr-2017$fGBP31.96$g0$hP$5Uk
=ACF  \\$aPrevious copyright fee: GBP30.73$c22\1$e01-oct-2017$fGBP30.73$g0$hP$5Uk
=ACF  \\$aPrevious copyright fee: GBP28.54$c22\1$e01-apr-2018$fGBP28.54$g0$hP$5Uk
=CAT  \\$a12500$b40$c20110112$lBLL01$h1330
=CAT  \\$aBATCH-UPD$b00$c20150520$lBLL01$h1744
=CAT  \\$aIPL-CLA$c20150630$lBLL01$h1713
=CAT  \\$aBATCH-UPD$b00$c20150820$lBLL01$h1831
=CAT  \\$aIPL-CLA$c20150930$lBLL01$h1840
=CAT  \\$aBATCH-UPD$b00$c20160217$lBLL01$h1721
=CAT  \\$aIPL-CLA$c20160331$lBLL01$h1802
=CAT  \\$aBATCH-UPD$b00$c20160524$lBLL01$h2214
=CAT  \\$aBATCH-UPD$b00$c20160525$lBLL01$h0051
=CAT  \\$aBATCH-UPD$b00$c20160824$lBLL01$h1749
=CAT  \\$aIPL-CLA$c20160930$lBLL01$h1631
=CAT  \\$aBATCH-UPD$b00$c20170216$lBLL01$h1837
=CAT  \\$a5410$b40$c20170307$lBLL01$h1544
=CAT  \\$a5410$b40$c20170314$lBLL01$h1135
=CAT  \\$aIPL-CLA$c20170331$lBLL01$h1909
=CAT  \\$aBATCH-UPD$b00$c20170904$lBLL01$h1845
=CAT  \\$aIPL-CLA$c20170929$lBLL01$h1755
=CAT  \\$aBATCH-UPD$b00$c20180223$lBLL01$h1705
=CAT  \\$aIPL-CLA$c20180331$lBLL01$h1652
=CAT  \\$aW1805-0475$c20180520$lBLL01$h1632
=CAT  \\$aBATCH-UPD$b00$c20180524$lBLL01$h1709
=CAT  \\$aIPL-CLA$c20180630$lBLL01$h1933
=CAT  \\$aW1908-0780$b00$c20200730$lBLL01$h1332
=CAT  \\$aCDS21$c20220118$lBLL01$h1105
=CAT  \\$aBATCH-UPD$b00$c20221121$lBLL01$h1405
=CAT  \\$aIPL-CLA$c20221231$lBLL01$h1450
=CAT  \\$a5410$b40$c20230410$lBLL01$h1723
=CFI  0\$aCurrent copyright fee: GBP29.95$c22\1$e01-jan-2023$fGBP29.95$g0$hP$5Uk
=CFI  2\$aPrevious copyright fee: GBP34.00$c22\1$e01-jul-2018$fGBP34.00$g0$hP$5Uk
=EST  \\$a1
=FFP  \\$aY$bBLDSS-3PM
=FIN  \\$aY$d20110329
=FMT  \\$a  SE
=LAS  \\$a5410$b40$c20230410$lBLL01$h1723
=MNI  \\$a2234-7593
=SID  \\$aZ39$bOCLC
=TCO  \\$aXXX$c008
=TOC  \\$aETOC
=UNO  \\$aY

