=LDR  02854cas a2200685 a 4500
=001  015733412
=003  Uk
=005  20230210010939.0
=007  ta
=008  110118c20089999sz\ar\\\\\s\\\0\\\a0eng\\
=022  0\$a2049-9272
=040  \\$aUk$beng$cUk$dUk
=042  \\$aukblsr
=082  04$a331.12$222
=130  0\$aWorld of work report (Geneva, Switzerland)
=222  \0$aWorld of work report$b(Print)
=245  10$aWorld of work report ... /$cInternational Labour Organization, International Institute for Labour Studies.
=260  \\$aGeneva :$bInternational Labour Office, International Institute for Labour Studies
=300  \\$av. :$bill. ;$c30 cm.
=310  \\$aAnnual
=336  \\$atext$2rdacontent
=337  \\$aunmediated$2rdamedia
=338  \\$avolume$2rdacarrier
=362  1\$aBegan in 2008.
=540  \\$aCurrent Copyright Fee: GBP28.00$c0$5Uk
=588  \\$aDescription based on: 2010 report.
=650  \0$aLabor policy$vPeriodicals.
=650  \0$aLabor market$vPeriodicals.
=690  7\$aManagement and Business Studies$2blcoll
=690  7\$aSocial Welfare$2blcoll
=710  2\$aInternational Institute for Labour Studies.
=710  2\$aInternational Labour Office.
=776  08$iAlso issued online as$tWorld of work report$x2049-9280
=852  41$aBritish Library$bHMNTS$jZC.9.b.9249$32011-2012***title now taken as electronic copy only
=985  \\$aISSN UK: ISSN 2049-9272 transferred to International ISSN Center PRIOR to completion - see 2012 IC correspondence file for further details (RB, 16/07/12)
=ACF  \\$aBritish Library not licensed to copy$c0$e01-jan-2016$hC$iCFP Excluded$5Uk
=ACF  \\$aPrevious Copyright Fee: GBP28.00$c0$e01-apr-2021$fGBP28.00$g0$hC$5Uk
=CAT  \\$a8124$b40$c20110118$lBLL01$h0858
=CAT  \\$aBATCH-MBS$c20120309$lBLL01$h2110
=CAT  \\$a10806$b40$c20120716$lBLL01$h1430
=CAT  \\$a10806$b40$c20120716$lBLL01$h1444
=CAT  \\$a10806$b40$c20120716$lBLL01$h1445
=CAT  \\$a10806$b40$c20120718$lBLL01$h1149
=CAT  \\$a5997$b40$c20130522$lBLL01$h1008
=CAT  \\$a5997$b40$c20130522$lBLL01$h1104
=CAT  \\$aBATCH-SWP$c20130531$lBLL01$h2318
=CAT  \\$aBATCH-CLA$b00$c20151127$lBLL01$h1630
=CAT  \\$aIPL-CLA$c20151231$lBLL01$h1933
=CAT  \\$aBATCH-CLA$b00$c20210227$lBLL01$h1008
=CAT  \\$aIPL-CLA$c20210331$lBLL01$h1857
=CAT  \\$aBATCH-CLA$b00$c20221130$lBLL01$h1428
=CAT  \\$aIPL-CLA$c20221231$lBLL01$h2301
=CAT  \\$aBATCH-CLA$b00$c20230209$lBLL01$h1515
=CAT  \\$aIPL-CLA$c20230210$lBLL01$h0109
=CFI  0\$aCurrent Copyright Fee: GBP28.00$c0$e09-feb-2023$fGBP28.00$g0$hC$5Uk
=CFI  2\$aBritish Library not licensed to copy$c0$e01-jan-2023$hC$iCFP Excluded$5Uk
=FIN  \\$aY$d20110118
=FMT  \\$a  SE
=LAS  \\$aIPL-CLA$b00$c20230210$lBLL01$h0109
=TCO  \\$aCHE$bPRO LITTERIS$c008

