=LDR  02885cas a2200661 a 4500
=001  015733494
=003  Uk
=005  20220630172133.0
=007  ta
=008  110118d200u201uenkwr\p\\\\\\\0\\\a0eng\\
=022  0\$a2040-2015
=040  \\$aUk$beng$cUk
=042  \\$aukblsr
=082  04$a338.47669142$222
=222  \0$aSteel, weekly market tracker
=245  00$aSteel, weekly market tracker :$binternational market analysis of flat and long steel products.
=246  3\$aWeekly market tracker.$pSteel
=246  13$aMetal Bulletin Research.$pSteel: weekly market tracker
=246  1\$iIssue 102 entitled:$aSteel market tracker
=260  \\$aLondon :$bMetal Bulletin Research
=300  \\$av. :$bill. ;$c30 cm.
=336  \\$atext$2rdacontent
=337  \\$aunmediated$2rdamedia
=338  \\$avolume$2rdacarrier
=500  \\$aChiefly issued online. Print available on demand only.
=515  \\$aNumbering erratic (e.g. issue 94 (Jan. 2011, 27 Jan. 2011) should be issue 97).
=540  \\$aBritish Library not licensed to copy$c0$5Uk
=588  \\$aDescription based on: Issue 83 (25 Nov. 2010).
=650  \0$aSteel industry and trade$vPeriodicals.
=650  \0$aSteel industry and trade$vStatistics$vPeriodicals.
=650  \0$aMarket surveys$vPeriodicals.
=690  7\$aManagement and Business Studies$2blcoll
=710  2\$aMetal Bulletin Research (Firm)
=776  0\$tSteel, weekly market tracker (Online)$x2040-2015
=852  11$aBritish Library$bSTI$cBIPC$k(P)$h338.47669142$m-E(3) Business$3Issue 83 (2010)-Oct. (2011)***Title now taken as electronic copy
=985  \\$aAvailable to subscribers in E-mail/online format only. Print copy print on demand only (or just printed for Library?) Printing online ISSN . ISSN in {dollar}a on ISSN UK advice - this is correct ISSN as online is chief format
=CAT  \\$a8124$b40$c20110118$lBLL01$h1028
=CAT  \\$a8124$b40$c20110118$lBLL01$h1032
=CAT  \\$a8124$b40$c20110118$lBLL01$h1106
=CAT  \\$a8124$b40$c20110118$lBLL01$h1112
=CAT  \\$a8124$b40$c20110118$lBLL01$h1130
=CAT  \\$a8124$b40$c20110118$lBLL01$h1131
=CAT  \\$a8124$b40$c20110118$lBLL01$h1553
=CAT  \\$aBATCH-MBS$c20110304$lBLL01$h2112
=CAT  \\$a10806$b40$c20110414$lBLL01$h0816
=CAT  \\$aWR14_140$c20140905$lBLL01$h1824
=CAT  \\$a7778$b40$c20141229$lBLL01$h1332
=CAT  \\$aBATCH-CLA$b00$c20211203$lBLL01$h0817
=CAT  \\$aIPL-CLA$c20211231$lBLL01$h1731
=CAT  \\$aBATCH-CLA$b00$c20220601$lBLL01$h1544
=CAT  \\$aIPL-CLA$c20220630$lBLL01$h1721
=CFI  0\$aBritish Library not licensed to copy$c0$e01-jul-2022$hC$iCFP Excluded$5Uk
=CFI  2\$aPrevious Copyright Fee: GBP22.50$c0$e01-jan-2022$fGBP22.50$g0$hC$5Uk
=FIN  \\$aY$d20090720
=FMT  \\$a  SE
=LAS  \\$aIPL-CLA$b00$c20220630$lBLL01$h1721
=LET  \0$aSteel, weekly market tracker (Print)
=TCO  \\$aCLA$bCLA$c008

