=LDR  03635 as a2200781 a 4500
=001  015750018
=003  Uk
=005  20170216125153.0
=007  ta
=008  090128c20079999rm\fr\p\\\\\\\0\\\\0eng\\
=010  \\$a  2010220316
=022  0\$a1843-5254
=035  \\$a(OCoLC)300002378
=040  \\$aIaAS$beng$cIaAS$dOCoLC$dDNAL$dUk
=042  \\$aukblsr
=043  \\$ae-rm---$aee-----
=070  0\$aSB99.R6$bB85
=072  \0$aF110
=082  04$a635.05$222
=210  0\$aBull. Univ. Agric. Sci. Vet. Med. Cluj-Napoca, Hortic.$b(Print)
=222  \0$aBulletin of University of Agricultural Sciences and Veterinary Medicine Cluj-Napoca. Horticulture$b(Print)
=245  00$aBulletin of University of Agricultural Sciences and Veterinary Medicine Cluj-Napoca.$pHorticulture.
=246  1\$aBulletin UASVM CLUJ horticulture
=246  1\$aHorticulture
=260  \\$aCluj-Napoca :$bAcademicPres,$c2007-
=300  \\$av. :$bill. ;$c30 cm.
=310  \\$aSemiannual
=336  \\$atext$2rdacontent
=337  \\$aunmediated$2rdamedia
=338  \\$avolume$2rdacarrier
=362  1\$aBegan with Vol. 64, issue 1/2 (2007).
=515  \\$aSome issues combined.
=540  \\$aBritish Library not licensed to copy$c0$5Uk
=588  \\$aDescription based on: first issue; title from cover.
=588  \\$aLatest issue consulted: Vol. 66, issue 2 (2009).
=650  \0$aHorticulture$zRomania$vPeriodicals.
=650  \0$aHorticulture$zEurope, Eastern$vPeriodicals.
=650  \0$aAgronomy$zRomania$vPeriodicals.
=650  \0$aAgronomy$zEurope, Eastern$vPeriodicals.
=710  2\$aUniversitatea de Științe Agricole și Medicină Veterinară Cluj-Napoca.
=776  08$iCD-ROM version:$tBulletin of University of Agricultural Sciences and Veterinary Medicine Cluj-Napoca. Horticulture$x2457-1415
=780  01$tBuletinul Universității de Științe Agricole și Medicină Veterinară Cluj-Napoca. Horticultură$x1454-2382
=852  41$aBritish Library$bDSC$j2785.820000$3Vol. 64, no. 1/2 (2007); v. 66, no. 1 (2009)- v. 72, pt.1 (2015)
=945  \\$aBulletin- University of Agricultural Sciences and Veterinary Medicine Cluj-Napoca Horticulture
=959  \\$fHeld but not currently received
=985  \\$aPublisher has replied to claim that print has ceased, but ISSN record has additional physical format for print & no other evidence that print has ceased - unsure; bib rec left open for now.
=CAT  \\$a10969$b40$c20110209$lBLL01$h1004
=CAT  \\$a10969$b40$c20110209$lBLL01$h1728
=CAT  \\$a10969$b40$c20110209$lBLL01$h1740
=CAT  \\$a10969$b40$c20110209$lBLL01$h1757
=CAT  \\$a8124$b40$c20110215$lBLL01$h1307
=CAT  \\$aBATCH-UPD$b40$c20110907$lBLL01$h1833
=CAT  \\$aIPL-CLA$c20110908$lBLL01$h1747
=CAT  \\$a5410$b40$c20150812$lBLL01$h1608
=CAT  \\$a9713$b40$c20170126$lBLL01$h1251
=CAT  \\$a9713$b40$c20170126$lBLL01$h1254
=CAT  \\$a3072$b40$c20170206$lBLL01$h1335
=CAT  \\$a9713$b40$c20170216$lBLL01$h1045
=CAT  \\$a9713$b40$c20170216$lBLL01$h1251
=CFI  0\$aBritish Library not licensed to copy$c0$e07-sep-2011$hC$iTX$5Uk
=CFI  2\$aPrevious copyright fee: GBP10.50$c0$e09-feb-2011$fGBP10.50$g0$hA$5Uk
=FIN  \\$aY$d20110215
=FMT  \\$a  SE
=LAS  \\$a9713$b40$c20170216$lBLL01$h1251
=LKR  \\$aPAR$b013078112$lBLL01$r78001$mBulletin of University of Agricultural Sciences and Veterinary Medicine Cluj-Napoca. Horticulture (Print)$nBuletinul Universitatii de Stiinte Agricole si Medicina Veterinara Cluj-Napoca. Seria Agricultura si horticultura.
=SRC  \\$aBLL02
=TCO  \\$aXXX$c008
=TOC  \\$aETOC

