=LDR  03384 as a2200757 a 4500
=001  015750400
=003  Uk
=005  20170206140513.0
=007  ta
=008  090218c20079999rm\fr\p\\\\\\\0\\\a0eng\\
=010  \\$a  2010220317
=022  0\$a1843-5246
=035  \\$a(OCoLC)309252770
=040  \\$aIaAS$beng$cIaAS$dIaAS$dDNAL$dOCoLC$dUk
=042  \\$aukblsr
=043  \\$ae-rm---
=070  0\$aS469.R6$bB85
=072  \0$aA000
=072  \0$aQ000
=072  \0$aQ500
=082  04$a630.5$222
=210  1\$aBull. Univ. Agric. Sci. Vet. Med. Cluj-Napoca, Agric.$b(Print)
=222  \0$aBulletin of University of Agricultural Sciences and Veterinary Medicine Cluj-Napoca. Agriculture$b(Print)
=245  00$aBulletin of University of Agricultural Sciences and Veterinary Medicine Cluj-Napoca.$pAgriculture.
=246  1\$aBulletin UASVM CLUJ agriculture
=246  30$aAgriculture
=260  \\$aCluj-Napoca :$bAcademicPres,$c2007-
=300  \\$av. :$bill. ;$c30 cm.
=310  \\$aSemiannual
=336  \\$atext$2rdacontent
=337  \\$aunmediated$2rdamedia
=338  \\$avolume$2rdacarrier
=362  1\$aBegan with Vol. 63/64 (2007).
=515  \\$aSome issues combined.
=530  \\$aAlso issued online.
=540  \\$aBritish Library not licensed to copy$c0$5Uk
=588  \\$aDescription based on: first issue; title from cover.
=588  \\$aLatest issue consulted: Vol. 66, issue 2 (2009).
=650  \0$aAgriculture$zRomania$vPeriodicals.
=650  \0$aAgriculture$vPeriodicals.
=650  \0$aFood adulteration and inspection$vPeriodicals.
=650  \0$aAgricultural processing$vPeriodicals.
=710  2\$aUniversitatea de Științe Agricole și Medicină Veterinară Cluj-Napoca.
=776  08$iCD-ROM version:$tBulletin of University of Agricultural Sciences and Veterinary Medicine Cluj-Napoca. Agriculture$x2457-1385
=780  01$tBuletinul Universității de Științe Agricole și Medicină Veterinară Cluj-Napoca. Agricultură
=852  41$aBritish Library$bDSC$j2785.810000$3Vol. 66, no. 1 (2009)- v. 72, pt. 1 (2015)
=945  \\$aBulletin- University of Agricultural Sciences and Veterinary Medicine Cluj-Napoca Agriculture
=959  \\$fHeld but not currently received
=985  \\$aPublisher has replied to claim that print has ceased, but ISSN record has additional physical format for print & no other evidence that print has ceased - unsure.
=CAT  \\$a10969$b40$c20110209$lBLL01$h1801
=CAT  \\$a10969$b40$c20110209$lBLL01$h1826
=CAT  \\$a8124$b40$c20110215$lBLL01$h1359
=CAT  \\$aBATCH-UPD$b40$c20110907$lBLL01$h1833
=CAT  \\$aIPL-CLA$c20110908$lBLL01$h1747
=CAT  \\$a5410$b40$c20150812$lBLL01$h1604
=CAT  \\$a9713$b40$c20170126$lBLL01$h1138
=CAT  \\$a3072$b40$c20170206$lBLL01$h1405
=CFI  0\$aBritish Library not licensed to copy$c0$e07-sep-2011$hC$iTX$5Uk
=CFI  2\$aPrevious copyright fee: GBP10.50$c0$e09-feb-2011$fGBP10.50$g0$hA$5Uk
=FIN  \\$aY$d20110215
=FMT  \\$a  SE
=LAS  \\$a3072$b40$c20170206$lBLL01$h1405
=LKR  \\$aPAR$b013078112$lBLL01$r78001$mBulletin of University of Agricultural Sciences and Veterinary Medicine Cluj-Napoca. Agriculture (Print)$nBuletinul Universitatii de Stiinte Agricole si Medicina Veterinara Cluj-Napoca. Seria Agricultura si horticultura.
=SRC  \\$aBLL02
=TCO  \\$aXXX$c008
=TOC  \\$aETOC

