=LDR  01945 as a2200469 a 4500
=001  015761147
=003  Uk
=005  20120927094857.0
=007  ta
=008  110301c20059999ck\uu\p\\\\\\\0\\\a0spa\\
=022  \\$a2011-7515$y0121-2346
=040  \\$aUk$beng$cUk
=042  \\$aukblsr
=082  04$a330.98611$223
=222  \0$aDocumentos IEEC
=245  00$aSerie documentos IEEC no. ...
=246  14$aDocumentos
=260  \\$aBarranquilla :$bUniversidad del Norte,$c2005-
=300  \\$av. :$bill. ;$c28 cm.
=336  \\$atext$2rdacontent
=337  \\$aunmediated$2rdamedia
=338  \\$avolume$2rdacarrier
=362  0\$aNo. 22 (jun. de 2005)-
=500  \\$aIssues also have distinctive titles.
=588  \\$aLatest issue consulted: No. 33 (enero-jun. de 2011).
=610  20$aUniversidad del Norte (Barranquilla, Colombia).$bInstituto de Estudios Económicos del Caribe$vPeriodicals.
=651  \0$aAtlantic Coast (Colombia)$xEconomic conditions$vPeriodicals.
=651  \0$aColombia$xEconomic conditions$vPeriodicals.
=651  \0$aColombia$xEconomic policy$vPeriodicals.
=690  7\$aManagement and Business Studies$2blcoll
=710  2\$aUniversidad del Norte (Barranquilla, Colombia).$bInstituto de Estudios Económicos del Caribe.
=780  00$tDocumentos (Fundacion Universidad del Norte)
=852  41$aBritish Library$bHMNTS$jZF.9.b.1744$3No. 22 (2006)-no. 26 (2006), no. 28 (2008)-no. 29 (2009), no. 31 (2010)-no. 33 (2011)
=985  \\$aPreviously catalogued as monos but rebatched as serials due to prominence given to series title on cover, ISSN and information on reverse t.p. and back cover, 27/09/12 (RB).
=CAT  \\$a10953$b40$c20110301$lBLL01$h0843
=CAT  \\$a8323$b40$c20120918$lBLL01$h1309
=CAT  \\$a8323$b40$c20120927$lBLL01$h0948
=CAT  \\$aBATCH-MBS$c20130125$lBLL01$h2108
=FIN  \\$aY$d20120918
=FMT  \\$a  SE
=LAS  \\$aBATCH-MBS$b00$c20130125$lBLL01$h2108
=TCO  \\$aZZZ$c008

