=LDR  04092cas a2200925 a 4500
=001  015763535
=003  Uk
=005  20230210010945.0
=007  ta
=008  110302d20102012enkuu\\\\\\\\\0\\\a0eng\\
=015  \\$aGBB128901$2bnb
=022  0\$y0957-8072
=040  \\$aUk$beng$cUk
=042  \\$aukblsr
=082  04$a338.47615109705$222
=245  00$aPharmaceutical market intelligence reports.$pNorth America.
=246  17$aWPM
=246  30$aNorth America
=260  \\$aChichester :$bEspicom,$c2010-
=300  \\$av. :$bill. ;$c30 cm.
=336  \\$atext$2rdacontent
=337  \\$aunmediated$2rdamedia
=338  \\$avolume$2rdacarrier
=362  0\$a2010/Q3-
=362  1\$aCeased in 2012.
=490  0\$aWorld pharmaceutical market report
=540  \\$aCurrent Copyright Fee: GBP25.00$c0$5Uk
=650  \0$aPharmaceutical industry$zNorth America$vPeriodicals.
=650  \0$aPharmaceutical industry$zNorth America$xForecasting$vPeriodicals.
=650  \0$aMarket surveys$zNorth America$vPeriodicals.
=690  7\$aManagement and Business Studies$2blcoll
=710  2\$aEspicom Business Intelligence.
=780  01$tPharmaceutical market intelligence reports. Americas.
=852  41$aBritish Library$bHMNTS$jZK.9.b.29420$3title now taken as electronic copy only
=985  \\$aISSN Centre note: Please do not assign ISSN to these titles. ISSN is assigned at the series level only.
=ACF  \\$aPrevious Copyright Fee: GBP12.00$c0$e01-apr-2012$fGBP12.00$g0$hC$5Uk
=ACF  \\$aPrevious Copyright Fee: GBP12.00$c0$e01-jan-2012$fGBP12.00$g0$hC$5Uk
=ACF  \\$aPrevious Copyright Fee: GBP10.50$c0$e01-oct-2011$fGBP10.50$g0$hC$5Uk
=ACF  \\$aPrevious Copyright Fee: GBP10.50$c0$e01-jul-2011$fGBP10.50$g0$hC$5Uk
=ACF  \\$aPrevious Copyright Fee: GBP12.00$c0$e01-jul-2012$fGBP12.00$g0$hC$5Uk
=ACF  \\$aPrevious Copyright Fee: GBP12.00$c0$e01-oct-2012$fGBP12.00$g0$hC$5Uk
=ACF  \\$aPrevious Copyright Fee: GBP100.00$c0$e01-apr-2014$fGBP100.00$g0$hC$5Uk
=ACF  \\$aPrevious Copyright Fee: GBP17.50$c0$e01-oct-2019$fGBP17.50$g0$hC$5Uk
=ACF  \\$aPrevious Copyright Fee: GBP20.00$c0$e01-jan-2020$fGBP20.00$g0$hC$5Uk
=ACF  \\$aPrevious Copyright Fee: GBP22.50$c0$e01-jan-2021$fGBP22.50$g0$hC$5Uk
=CAT  \\$a11315$b40$c20110302$lBLL01$h0919
=CAT  \\$aBATCH-MBS$c20110415$lBLL01$h2053
=CAT  \\$aBATCH-CLA$b00$c20110531$lBLL01$h1648
=CAT  \\$aIPL-CLA$c20110630$lBLL01$h1550
=CAT  \\$aBATCH-CLA$b00$c20110831$lBLL01$h1810
=CAT  \\$aIPL-CLA$c20110930$lBLL01$h1554
=CAT  \\$aBATCH-CLA$b00$c20111130$lBLL01$h1218
=CAT  \\$aIPL-CLA$c20111230$lBLL01$h2036
=CAT  \\$aBATCH-CLA$b00$c20120229$lBLL01$h1630
=CAT  \\$aIPL-CLA$c20120330$lBLL01$h1442
=CAT  \\$aBATCH-CLA$b00$c20120531$lBLL01$h1726
=CAT  \\$aIPL-CLA$c20120629$lBLL01$h1041
=CAT  \\$aBATCH-CLA$b00$c20120831$lBLL01$h1555
=CAT  \\$aIPL-CLA$c20120930$lBLL01$h2136
=CAT  \\$aBATCH-CLA$b00$c20121109$lBLL01$h1720
=CAT  \\$aBATCH-CLA$b00$c20140228$lBLL01$h1619
=CAT  \\$aIPL-CLA$c20140331$lBLL01$h1639
=CAT  \\$a7778$b40$c20140411$lBLL01$h1343
=CAT  \\$aBATCH-CLA$b00$c20190909$lBLL01$h1720
=CAT  \\$aIPL-CLA$c20190930$lBLL01$h1649
=CAT  \\$aBATCH-CLA$b00$c20191129$lBLL01$h1632
=CAT  \\$aIPL-CLA$c20191231$lBLL01$h2026
=CAT  \\$aBATCH-CLA$b00$c20201126$lBLL01$h1422
=CAT  \\$aIPL-CLA$c20201231$lBLL01$h2326
=CAT  \\$aBATCH-CLA$b00$c20221130$lBLL01$h1501
=CAT  \\$aIPL-CLA$c20221231$lBLL01$h2302
=CAT  \\$aBATCH-CLA$b00$c20230209$lBLL01$h1548
=CAT  \\$aIPL-CLA$c20230210$lBLL01$h0109
=CFI  0\$aCurrent Copyright Fee: GBP25.00$c0$e09-feb-2023$fGBP25.00$g0$hC$5Uk
=CFI  2\$aBritish Library not licensed to copy$c0$e01-jan-2023$hC$iCFP Excluded$5Uk
=FIN  \\$aY$d20110302
=FMT  \\$a  SE
=LAS  \\$aIPL-CLA$b00$c20230210$lBLL01$h0109
=LKR  \\$aPAR$b015480539$lBLL01$r78001$mPharmaceutical market intelligence reports. North America$nPharmaceutical market intelligence reports. Americas
=TCO  \\$aCLA$bCLA$c008

