=LDR  05316cas a2201189 a 4500
=001  015786583
=003  Uk
=005  20230409123429.0
=006  m\\\\\\\\d\\\\\\\\
=007  cr\|||||||||||
=008  010123d19532020ne\ar\pss\\\\\0\\\a0eng\d
=010  \\$a2006263018
=022  \\$a2212-1307$y1573-5214
=030  \\$aNETMAW
=035  \\$a(OCoLC)45769808$z(OCoLC)253940725$z(OCoLC)612761507
=037  \\$aISSN_15735214_21$bPortico$nElsevier
=040  \\$aIWA$beng$cIWA$dOCLCQ$dTXA$dOCLCS$dBUF$dLGG$dUk
=041  0\$aeng$afre$ager
=042  \\$aukblsr
=050  14$aS11$b.N53
=082  04$a630$222
=130  0\$aNetherlands journal of agricultural science (Online)
=222  \0$aNJAS Wageningen journal of life sciences$b(Online)
=245  10$aNetherlands journal of agricultural science$h[electronic resource].
=246  1\$iIssues for v. 50, no. 2 (2002)- called:$aNJAS : Wageningen journal of life sciences
=246  3\$aNJAS
=246  3\$aWageningen journal of life sciences
=260  \\$a[Wageningen, The Netherlands] :$bRoyal Netherlands Society for Agricultural Sciences,$c[1953]-[2020]
=260  3\$aAmsterdam :$bElsevier
=310  \\$aAnnual
=321  \\$aQuarterly
=336  \\$atext$2rdacontent
=337  \\$acomputer$2rdamedia
=338  \\$aonline resource$2rdacarrier
=362  1\$aPrint began with: Vol. 1, no. 1 (Feb. 1953).
=362  1\$aCeased with volume 92 (2020).
=515  \\$aSome issues combined.
=538  \\$aMode of access: World Wide Web.
=540  \\$aCurrent copyright fee: GBP37.00$c2\0$5Uk
=546  \\$aArticles in English, French or German with summaries in English.
=588  \\$aDescription based on: Vol. 57, no. 1 (2002); title from running title, PDF of articles (KLV site, viewed Mar. 30, 2006).
=588  \\$aLatest issue consulted: Vol. 57, issue 3/4 (Feb. 2011) (ScienceDirect, viewed Apr. 11, 2011).
=650  \0$aAgriculture$vPeriodicals.
=650  \0$aAgriculture$xResearch$vPeriodicals.
=710  2\$aKoninklijke Landbouwkundige Vereniging (Netherlands)
=776  08$iAlso issued in print:$tNetherlands journal of agricultural science$x0028-2928
=785  00$tNJAS: impact in agricultural and life sciences$x2768-5241
=852  41$aBritish Library$bDSC$j6077.000000$3Volume 57:Issue 1(2009)-Volume 83(2017)***See ESTAR for full holdings.
=852  41$aBritish Library$bHMNTS$jELD Digital store$3Volume 76(2016)-Volume 92(2020)
=856  \\$31850-9999$uhttp://www.elsevier.com/journals$xBLDSS
=856  4\$uhttp://www.klv.nl/njas/$zLink no longer available as of June 24, 2010:
=856  40$uhttp://library.wur.nl/ojs/index.php/njas
=856  40$uhttp://rzblx1.uni-regensburg.de/ezeit/warpto.phtml?colors=7&jour%5Fid=66671
=856  40$uhttp://www.sciencedirect.com/science/journal/15735214
=859  \\$aELD$bejournal
=945  \\$aNJAS - Wageningen Journal of Life Sciences
=959  \\$fHeld but not currently received
=979  \\$aBritish Library$bDSC$j6077.000000
=985  \\$aISSN 1573-5214 assigned by ISSN Netherlands for print version of title since 2002.
=ACF  \\$aPrevious copyright fee: GBP20.00$c5\1$e06-jul-2011$fGBP20.00$g0$hP$5Uk
=ACF  \\$aPrevious copyright fee: GBP21.00$c5\1$e01-jan-2012$fGBP21.00$g0$hP$5Uk
=ACF  \\$aPrevious copyright fee: GBP22.50$c5\1$e01-jan-2013$fGBP22.50$g0$hP$5Uk
=ACF  \\$aPrevious copyright fee: GBP23.40$c5\1$e01-jan-2018$fGBP23.40$g0$hP$5Uk
=ACF  \\$aPrevious copyright fee: GBP34.30$c5\1$e01-jan-2022$fGBP34.30$g0$hP$5Uk
=ACF  \\$aPrevious copyright fee: GBP32.84$c5\1$e01-jul-2019$fGBP32.84$g0$hP$5Uk
=CAT  \\$a12654$b40$c20110406$lBLL01$h0842
=CAT  \\$a11316$b40$c20110411$lBLL01$h0906
=CAT  \\$aBATCH-UPD$b40$c20111123$lBLL01$h1854
=CAT  \\$aIPL-CLA$c20111230$lBLL01$h2036
=CAT  \\$aBATCH-UPD$b00$c20121121$lBLL01$h1659
=CAT  \\$aIPL-CLA$c20121231$lBLL01$h1331
=CAT  \\$aIPL-CLA$c20130102$lBLL01$h1807
=CAT  \\$aBLDSS-3PM$b00$c20141222$lBLL01$h1720
=CAT  \\$aBATCH-UPD$b00$c20160822$lBLL01$h0159
=CAT  \\$aBATCH-UPD$b00$c20171121$lBLL01$h1753
=CAT  \\$aIPL-CLA$c20171231$lBLL01$h1807
=CAT  \\$aW1805-0471$c20180520$lBLL01$h1140
=CAT  \\$aBATCH-UPD$b00$c20190521$lBLL01$h1444
=CAT  \\$aIPL-CLA$c20190630$lBLL01$h1545
=CAT  \\$aBATCH-UPD$b00$c20211119$lBLL01$h1601
=CAT  \\$aIPL-CLA$c20211231$lBLL01$h1545
=CAT  \\$a5552$b40$c20220211$lBLL01$h0851
=CAT  \\$a14586$b40$c20220526$lBLL01$h1732
=CAT  \\$a15020$b40$c20220929$lBLL01$h0921
=CAT  \\$a15020$b40$c20220929$lBLL01$h1004
=CAT  \\$a10983$b40$c20221004$lBLL01$h1547
=CAT  \\$a11205$b40$c20221109$lBLL01$h1405
=CAT  \\$a11205$b40$c20221109$lBLL01$h1410
=CAT  \\$aBATCH-UPD$b40$c20221121$lBLL01$h1349
=CAT  \\$aIPL-CLA$c20221231$lBLL01$h1450
=CAT  \\$a5410$b40$c20230409$lBLL01$h1234
=CFI  0\$aCurrent copyright fee: GBP37.00$c2\0$e01-jan-2023$fGBP37.00$g0$hP$5Uk
=CFI  2\$aPrevious copyright fee: GBP35.00$c2\0$e11-feb-2022$fGBP35.00$g0$hP$5Uk
=EST  \\$a1
=FFP  \\$aY$bBLDSS-3PM
=FIN  \\$aY$d20110411
=FMT  \\$a  SE
=LAS  \\$a5410$b40$c20230409$lBLL01$h1234
=MNI  \\$a1573-5214
=SID  \\$aZ39$bOCLC
=TCO  \\$aNLD$bSTICHTING REPRORECHT$c008
=TOC  \\$aETOC

