=LDR  04705cas a2201009 i 4500
=001  015802482
=003  Uk
=005  20230918135808.0
=007  ta
=008  110509c20119999xxuwr\p\\\\\\\0\\\a0eng\\
=022  0\$a2159-3612
=040  \\$aUk$beng$cUk$erda
=042  \\$aukblsr
=082  04$a077$223
=222  \4$aThe current digest of the Russian press$b(Print)
=245  04$aThe current digest of the Russian press.
=246  17$aCurrent digest
=264  \1$aMinnetonka, MN :$bEast View Information Services,$c[2011]-
=300  \\$c28 cm
=310  \\$aWeekly
=336  \\$atext$2rdacontent
=337  \\$aunmediated$2rdamedia
=338  \\$avolume$2rdacarrier
=362  1\$aBegan with volume 63, no. 3 (January 17/23, 2011).
=515  \\$aContinues numbering from previous title.
=540  \\$aCurrent Copyright Fee: GBP4.64$c0$5Uk
=588  \\$aDescription based on: volume 65, no. 3 (January 14/20, 2013).
=651  \0$aRussia (Federation)$vPeriodicals.
=776  08$iAlso issued online as:$tCurrent digest of the Russian press$x2159-3639
=780  00$tCurrent digest of the post-Soviet press$x1067-7542
=852  41$aBritish Library$bDSC$j3496.348000$3Vol. 72, no. 17 (2020)***UKRR Retained Title
=852  41$aBritish Library$bHMNTS$jAc.1864.e/2
=945  \\$aThe current digest of the Russian press
=959  \\$fHeld but not currently received
=985  \\$a362 information from ISSN record
=ACF  \\$aPrevious Copyright Fee: GBP4.13$c0$e01-jul-2013$fGBP4.13$g0$hC$5Uk
=ACF  \\$aPrevious Copyright Fee: GBP3.84$c0$e01-oct-2013$fGBP3.84$g0$hC$5Uk
=ACF  \\$aPrevious Copyright Fee: GBP4.00$c0$e01-jan-2014$fGBP4.00$g0$hC$5Uk
=ACF  \\$aPrevious Copyright Fee: GBP3.88$c0$e01-jul-2014$fGBP3.88$g0$hC$5Uk
=ACF  \\$aPrevious Copyright Fee: GBP4.85$c0$e01-jan-2015$fGBP4.85$g0$hC$5Uk
=ACF  \\$aPrevious Copyright Fee: GBP5.33$c0$e01-apr-2015$fGBP5.33$g0$hC$5Uk
=ACF  \\$aPrevious Copyright Fee: GBP5.16$c0$e01-oct-2015$fGBP5.16$g0$hC$5Uk
=ACF  \\$aPrevious Copyright Fee: GBP5.52$c0$e01-apr-2016$fGBP5.52$g0$hC$5Uk
=ACF  \\$aPrevious Copyright Fee: GBP5.93$c0$e01-oct-2016$fGBP5.93$g0$hC$5Uk
=ACF  \\$aPrevious Copyright Fee: GBP6.40$c0$e01-apr-2017$fGBP6.40$g0$hC$5Uk
=ACF  \\$aPrevious Copyright Fee: GBP6.08$c0$e01-oct-2017$fGBP6.08$g0$hC$5Uk
=ACF  \\$aPrevious Copyright Fee: GBP6.15$c0$e01-jan-2018$fGBP6.15$g0$hC$5Uk
=ACF  \\$aPrevious Copyright Fee: GBP5.71$c0$e01-apr-2018$fGBP5.71$g0$hC$5Uk
=ACF  \\$aPrevious Copyright Fee: GBP6.15$c0$e01-oct-2018$fGBP6.15$g0$hC$5Uk
=ACF  \\$aPrevious Copyright Fee: GBP6.40$c0$e01-oct-2019$fGBP6.40$g0$hC$5Uk
=ACF  \\$aPrevious Copyright Fee: GBP6.15$c0$e01-apr-2020$fGBP6.15$g0$hC$5Uk
=ACF  \\$aPrevious Copyright Fee: GBP6.40$c0$e01-jul-2020$fGBP6.40$g0$hC$5Uk
=ACF  \\$aPrevious Copyright Fee: GBP5.92$c0$e01-apr-2021$fGBP5.92$g0$hC$5Uk
=ACF  \\$aPrevious Copyright Fee: GBP5.76$c0$e01-jul-2021$fGBP5.76$g0$hC$5Uk
=CAT  \\$a12500$b40$c20110509$lBLL01$h1110
=CAT  \\$aBATCH-CLA$b00$c20170228$lBLL01$h1630
=CAT  \\$aIPL-CLA$c20170331$lBLL01$h1910
=CAT  \\$aBATCH-CLA$b00$c20170831$lBLL01$h1632
=CAT  \\$aIPL-CLA$c20170929$lBLL01$h1756
=CAT  \\$aBATCH-CLA$b00$c20171130$lBLL01$h1704
=CAT  \\$aIPL-CLA$c20171231$lBLL01$h1807
=CAT  \\$aBATCH-CLA$b00$c20180228$lBLL01$h1646
=CAT  \\$aIPL-CLA$c20180331$lBLL01$h1654
=CAT  \\$aBATCH-CLA$b00$c20180831$lBLL01$h1625
=CAT  \\$aIPL-CLA$c20180930$lBLL01$h1513
=CAT  \\$aBATCH-CLA$b00$c20190909$lBLL01$h1712
=CAT  \\$aIPL-CLA$c20190930$lBLL01$h1649
=CAT  \\$aBATCH-CLA$b00$c20200228$lBLL01$h1635
=CAT  \\$aIPL-CLA$c20200331$lBLL01$h1626
=CAT  \\$aBATCH-CLA$b00$c20200529$lBLL01$h1538
=CAT  \\$aIPL-CLA$c20200701$lBLL01$h0111
=CAT  \\$aBATCH-CLA$b00$c20210227$lBLL01$h1008
=CAT  \\$aIPL-CLA$c20210331$lBLL01$h1858
=CAT  \\$aBATCH-CLA$b00$c20210528$lBLL01$h1524
=CAT  \\$aIPL-CLA$c20210704$lBLL01$h1123
=CAT  \\$aBATCH-CLA$b00$c20210917$lBLL01$h1602
=CAT  \\$aIPL-CLA$c20210930$lBLL01$h1656
=CAT  \\$aBATCH-CLA$b00$c20211203$lBLL01$h0812
=CAT  \\$aIPL-CLA$c20211231$lBLL01$h1731
=CAT  \\$a7764$b40$c20230918$lBLL01$h1358
=CFI  0\$aCurrent Copyright Fee: GBP4.64$c0$e01-jan-2022$fGBP4.64$g0$hC$5Uk
=CFI  2\$aPrevious Copyright Fee: GBP5.68$c0$e01-oct-2021$fGBP5.68$g0$hC$5Uk
=FIN  \\$aY$d20130403
=FMT  \\$a  SE
=LAS  \\$a7764$b40$c20230918$lBLL01$h1358
=LKR  \\$aPAR$b007160077$lBLL01$r78000$mThe current digest of the Russian press (Print)$nThe current digest of the post-Soviet press
=TCO  \\$aZZZ$c008

