=LDR  01874cas a2200529 a 4500
=001  015811571
=003  Uk
=005  20110520144523.0
=007  ta
=008  000622c19469999gw\wr\p\\\\\\\0\\\b0ger\c
=010  \\$a00225527
=022  \\$a0341-2148$l0341-2148
=035  \\$a(OCoLC)44457921
=040  \\$aCRL$cCRL$dUk
=042  \\$aukblsr
=043  \\$ae-gw---
=082  04$a388$222
=222  \0$aVerkehrsrundschau$b(München)
=245  00$aVerkehrs-Rundschau.
=246  3\$aVerkehrs Rundschau
=260  \\$aMünchen :$bH. Neureuter
=260  3\$aMünchen :$bVerlag Heinrich Vogel
=300  \\$av. :$bill. ;$c32 cm.
=310  \\$aWeekly
=321  \\$aSemimonthly
=336  \\$atext$2rdacontent
=337  \\$aunmediated$2rdamedia
=338  \\$avolume$2rdacarrier
=362  1\$aBegan in 1946?
=500  \\$a"Mitteilungsblatt für den Strassenverkehr."
=500  \\$aDescription based on: 1. Jahrg., Nr. 7 (1. Jan. 1947); title from caption.
=588  \\$aLatest issue consulted: 17/2011 (29 Apr. 2011).
=650  \0$aTransportation$zGermany$vPeriodicals.
=650  \0$aUrban transportation$zGermany$vPeriodicals.
=650  \0$aRural transportation$zGermany$vPeriodicals.
=650  \0$aCity traffic$zGermany$vPeriodicals.
=852  11$aBritish Library$bSTI$k(P)$h388$m-G(1)
=985  \\$aIssue 17/2011 (29 Apr. 2011) is a dual publication with 'TruckMarket' (ISSN 1438-8952, Germany 'Free'). No evidence that every issue is a dual publication; may be one-off (Richard Brown, Serials Cataloguing, 20/05/11)
=CAT  \\$a10806$b40$c20110520$lBLL01$h1418
=CAT  \\$a10806$b40$c20110520$lBLL01$h1422
=CAT  \\$a10806$b40$c20110520$lBLL01$h1424
=CAT  \\$a10806$b40$c20110520$lBLL01$h1445
=FIN  \\$aY$d20110520
=FMT  \\$a  SE
=LAS  \\$a10806$b40$c20110520$lBLL01$h1445
=SID  \\$aZ39$bOCLC
=TCO  \\$aDEU$bVG WORT$c008

