=LDR  01605 as a2200409 a 4500
=001  015815210
=003  Uk
=005  20131029150101.0
=007  ta
=008  110526d2007201ugw\ar\\\\c\\\\0\\\b0ger\\
=040  \\$aUk$beng$cUk
=042  \\$aukblsr
=082  04$a702.9$222
=245  00$aAuktionspreise ... :$bJahrbuch für Kunst, Kunsthandwerk und Design.
=260  \\$aMünchen :$bZeit Kunstverlag,$c2007-
=300  \\$av. :$bill. ;$c23 cm.
=310  \\$aAnnual
=336  \\$atext$2rdacontent
=337  \\$aunmediated$2rdamedia
=338  \\$avolume$2rdacarrier
=362  0\$a62 Jahrg. 2007-
=362  1\$aCeased with Jahrgang 65, bd. 2 (2010)
=500  \\$aIn two volumes.
=500  \\$aDeutsche & Internationale Auktionsergebnisse.
=588  \\$aLatest issue consulted: 65. Jahrg. (2010).
=650  \0$aArt objects$vCatalogs.
=780  00$tAuktionspreise im Kunstpreis Jahrbuch
=852  41$aBritish Library$bHMNTS$jPP.6484.cao$3Jahrg. 62 (2007)-jg. 65 (2010)
=985  \\$aBand 1 and 2 have separate ISSN but the titles of the volumes vary each year with changes in items on offer, so have treated this as one two-volume work, as per ZDB and previous title and ignored ISSN
=CAT  \\$a8124$b40$c20110526$lBLL01$h1144
=CAT  \\$a7792$b40$c20131029$lBLL01$h1500
=CAT  \\$a7792$b40$c20131029$lBLL01$h1501
=FIN  \\$aY$d20110526
=FMT  \\$a  SE
=LAS  \\$a7792$b40$c20131029$lBLL01$h1501
=LKR  \\$aPAR$b011166096$lBLL01$r78000$mAuktionspreise ... : Jahrbuch für Kunst, Kunsthandwerk und Design.$nAuktionspreise im Kunstpreis Jahrbuch.
=TCO  \\$aDEU$bVG WORT$c008

