=LDR  01446cam a22003977a 4500
=001  015823747
=003  Uk
=005  20110613084346.0
=006  m\\\\|\\\d\|\\\\\\
=007  co\|||||||||||
=008  110610s2011\\\\xxua\\\\s\\\\\100\0\eng\\
=040  \\$aUk$beng$cUk
=245  00$a2011 Annual Meeting of the Orthopaedic Research Society.$h[electronic resource]
=260  \\$aLong Beach :$bOrthopaedic Research Society,$c2011.
=300  \\$a1 CD-ROM ;$c4 3/4 in.
=336  \\$atext$2rdacontent
=337  \\$acomputer$2rdamedia
=338  \\$acomputer disc$2rdacarrier
=500  \\$aTitle from title screen.
=516  \\$aPDF format.
=538  \\$aSystem requirements: IBM compatible PC, Adobe Acrobat reader.
=591  \\$aPapers. Held on CD-ROM.
=595  \\$aHeld in e-store (RMS).
=653  1\$aOrthopaedic research
=710  2\$aOrthopaedic Research Society.
=852  41$aBritish Library$bDSC$cF$j9020.228100
=985  \\$aTransactions of the annual meeting - Orthopaedic Research Society -CD-ROM edition-, ISSN 0149-6433 ; no 57 2011
=CAT  \\$a8411$b40$c20110610$lBLL01$h1656
=CAT  \\$a8411$b40$c20110610$lBLL01$h1658
=CAT  \\$a8962$b40$c20110613$lBLL01$h0843
=CAT  \\$aBATCH-CLA$b00$c20130508$lBLL01$h0742
=CNF  \\$aOrthopaedic Research Society (Meeting)$d(2011 Jan :$cLong Beach, CA)
=FIN  \\$aY$d20110613
=FMT  \\$a  BK
=LAS  \\$aBATCH-CLA$b00$c20130508$lBLL01$h0742
=TCO  \\$aTRS$bCCC$c008

