=LDR  01008 as a22003373a 4500
=001  015827799
=003  Uk
=005  20160405145321.0
=007  ta
=008  110616d20112013ie\wr\p\\\\\\\0\\\a0eng\\
=022  \\$a2009-3926
=040  \\$aUk$beng$cUk$erda
=130  0\$aDealer$sWest and Midlands edition
=222  \4$aThe dealer$b(West and Midlands ed.)
=245  14$aThe dealer :$bserving the West and Midlands.
=260  \\$aCastlebar :$bThe Dealer,$b[2011]-[2013]
=310  \\$aWeekly
=336  \\$atext$2rdacontent
=337  \\$aunmediated$2rdamedia
=338  \\$avolume$2rdacarrier
=785  14$tThe dealer$x1393-4562
=852  41$aBritish Library$bHMNTS
=985  \\$aBasic record for L7.
=985  \\$aRecord upgraded based on ISSN Portal record.
=CAT  \\$a8478$b40$c20110616$lBLL01$h1111
=CAT  \\$aFIX-001$c20151007$lBLL01$h1805
=CAT  \\$a10973$b40$c20160405$lBLL01$h1453
=FIN  \\$aY$d20160405
=FMT  \\$a  SE
=LAS  \\$a10973$b40$c20160405$lBLL01$h1453
=TCO  \\$aZZZ$c008

