=LDR  05109cas a2201117 a 4500
=001  015828288
=003  Uk
=005  20230409114452.0
=006  m\\\\\\\\d\\\\\\\\
=007  cr\|||||||||||
=008  050614c19969999ksumx\pss\\\\\0\\\a0eng\c
=010  \\$a  2006212198
=015  \\$aGBB437168$2bnb
=022  \\$a1930-8272$y1090-8811
=035  \\$a(OCoLC)60626683
=037  \\$aISSN_10908811$bPortico$nWiley
=040  \\$aOCoLC$cOCoLC$dNSDP$dOCoLC$dViRCU$dUk
=042  \\$ansdp$aukblsr
=050  \4$aLB1028.5$b.N3a
=082  04$a658.314$223
=130  0\$aPerformance improvement (Online)
=222  \0$aPerformance improvement$b(International Society for Performance Improvement : Online)
=245  10$aPerformance improvement$h[electronic resource] /$cISPI, International Society for Performance Improvement.
=246  17$aP & I
=246  1\$iMinor title change:$aPerformance improvement journal,$f2022-
=260  \\$aWashington, D.C. :$bISPI
=260  2\$3July 2006-2021$aHoboken :$bWiley
=264  31$32022-$a[Lawrence, Kansas] :$bAllen Press
=310  \\$aTen no. a year
=336  \\$atext$2rdacontent
=337  \\$acomputer$2rdamedia
=338  \\$aonline resource$2rdacarrier
=362  1\$aPrint began with v. 35, no. 7 (Aug. 1996).
=540  \\$aCurrent Copyright Fee: GBP32.00$c35\0$5Uk
=580  \\$aIncludes issues from earlier titles: NSPI journal (1962-1971), NSPI newsletter (1972-1975), NSPI journal (1976-1980), Performance and instruction (1981-1982), Performance & instruction journal (1983-1984), Performance + instruction (1985-1996), and: Performace improvement (1997-).
=588  \\$aLatest issue consulted: volume 61, issue 1 (2022) (Allen Press website, viewed 10 March, 2023).
=650  \0$aOrganizational learning$vPeriodicals.
=650  \0$aOrganizational effectiveness$vPeriodicals.
=650  \0$aPerformance$vPeriodicals.
=650  \0$aEmployees$xTraining of$vPeriodicals.
=690  7\$aManagement and Business Studies$2blcoll
=710  2\$aInternational Society for Performance Improvement.
=776  08$iAlso issued in print as:$tPerformance improvement (International Society for Performance Improvement)$x1090-8811
=780  10$tPerformance + instruction (Washington, D.C. : 1985 : Online)$x1932-0116
=852  41$aBritish Library$bHMNTS$jELD Digital store$3Volume 52:Issue 1(2013:Jan.)-Volume 60:Issue 9/10(2021)***Previous issues available in print copy
=852  41$aBritish Library$bDSC$j6423.804000$3Volume 49:Number 1(2010)-Volume 57:Number 2(2018)***See ESTAR for full holdings.
=856  \\$31850-9999$uhttp://onlinelibrary.wiley.com/$xBLDSS
=856  4\$uhttp://www.ispi.org/content.aspx?id=154&linkidentifier=id&itemid=154
=856  40$uhttp://onlinelibrary.wiley.com/journal/10.1002/(ISSN)1930-8272/issues
=856  4\$uhttps://meridian.allenpress.com/pfi/$zTo subscribe
=859  \\$aELD$bejournal
=945  \\$aPerformance improvement
=959  \\$fHeld but not currently received
=979  \\$aBritish Library$bDSC$j6423.804000
=985  \\$aCONFERENCE ANALYTIC RECORDS EXIST
=985  \\$aPublisher changed to Allen Press, US publisher. ISSN record has ISPI the sponsoring body itself as publisher. DC 10/03/23
=ACF  \\$aPrevious copyright fee: GBP22.00$c35\0$e17-jun-2011$fGBP22.00$g0$hP$5Uk
=ACF  \\$aPrevious copyright fee: GBP24.00$c35\0$e01-mar-2015$fGBP24.00$g0$hP$5Uk
=CAT  \\$a12500$b40$c20110617$lBLL01$h0927
=CAT  \\$a5552$b40$c20110706$lBLL01$h0940
=CAT  \\$a8323$b40$c20110810$lBLL01$h0929
=CAT  \\$aBATCH-MBS$c20110819$lBLL01$h2102
=CAT  \\$a10983$b40$c20140408$lBLL01$h1002
=CAT  \\$a5997$b40$c20140408$lBLL01$h1213
=CAT  \\$a5997$b40$c20140408$lBLL01$h1229
=CAT  \\$a10997$b40$c20140424$lBLL01$h1352
=CAT  \\$aBLDSS-3PM$b00$c20141214$lBLL01$h1526
=CAT  \\$aBATCH-UPD$b00$c20150215$lBLL01$h1704
=CAT  \\$aIPL-CLA$c20150228$lBLL01$h2056
=CAT  \\$aBATCH-UPD$b00$c20160526$lBLL01$h0832
=CAT  \\$aW1711-1005$c20171206$lBLL01$h1823
=CAT  \\$aBATCH-UPD$b00$c20180219$lBLL01$h1755
=CAT  \\$aW1805-0471$c20180520$lBLL01$h1140
=CAT  \\$aBATCH-UPD$b00$c20181121$lBLL01$h1626
=CAT  \\$aIPL-CLA$c20181231$lBLL01$h1551
=CAT  \\$aR1911-0245$c20191127$lBLL01$h0823
=CAT  \\$aR1911-0245$c20191127$lBLL01$h1045
=CAT  \\$aIPL-CLA$c20191231$lBLL01$h2028
=CAT  \\$a10969$b40$c20230310$lBLL01$h1215
=CAT  \\$a10969$b40$c20230310$lBLL01$h1218
=CAT  \\$a10969$b40$c20230310$lBLL01$h1233
=CAT  \\$a10806$b40$c20230310$lBLL01$h1359
=CAT  \\$a5410$b40$c20230409$lBLL01$h1144
=CFI  0\$aCurrent Copyright Fee: GBP32.00$c35\0$e01-jan-2020$fGBP32.00$g0$hP$5Uk
=CFI  2\$aPrevious copyright fee: GBP28.00$c35\0$e01-jan-2019$fGBP28.00$g0$hP$5Uk
=EST  \\$a1
=FFP  \\$aY$bBLDSS-3PM
=FIN  \\$aY$d20110810
=FMT  \\$a  SE
=LAS  \\$a5410$b40$c20230409$lBLL01$h1144
=LET  \0$aPerformance improvement (Electronic)
=MNI  \\$a1090-8811
=SRC  \\$aBLL02
=TCO  \\$aTRS$bCCC$c008
=TOC  \\$aETOC
=UNO  \\$aY

