=LDR  02332aas a2200613 a 4500
=001  015850081
=003  Uk
=005  20190725152230.0
=007  ta
=008  111222c20119999ja\ar\p\\\\\\\0\\\d0jpn\d
=022  0\$a2185-419X
=035  \\$a(OCoLC)769145417
=040  \\$aCUY$beng$cCUY$dOCLCQ$dOCLCF$dOCLCO$dUk
=041  0\$ajpn$feng
=042  \\$aukblsr
=082  04$a294.305$223
=222  \0$aBukkyou Gakubu ronshuu
=245  00$6880-01$aBukkyo Gakubu ronshū.
=246  31$aJournal of School of Buddhism
=260  \\$6880-02$aKyōto-shi :$bBukkyō Daigaku Bukkyō Gakubu,$c2011-
=300  \\$bill. ;$c26 cm.
=310  \\$aAnnual
=336  \\$atext$btxt$2rdacontent
=337  \\$aunmediated$bn$2rdamedia
=338  \\$avolume$bnc$2rdacarrier
=362  1\$6880-03$aBegan with Dai 95-gō (2011-nen 3-gatsu).
=546  \\$aIn Japanese; table of contents also in English.
=550  \\$aEdited by: Bukkyō Daigaku Gakujutsu Iinkai, Bukkyō Gakubu Henshū Iinkai.
=588  \\$aDescription based on: Dai 95-gō (2011-nen 3-gatsu); title from title page.
=588  \\$aLatest issue consulted: Volume C1 (March 2017).
=650  \0$aBuddhism$vPeriodicals.
=650  \7$aBuddhism.$2fast$0(OCoLC)fst00840028
=655  \7$aPeriodicals.$2fast$0(OCoLC)fst01411641
=710  2\$aBukkyō Daigaku (Kyoto, Japan).$bBukkyō Gakubu,$eissuing body.
=776  08$iAlso issued online as:$tBukkyo Gakubu ronshū
=780  07$6880-06$tBungakubu ronshū (Kyoto, Japan)$x0918-9416
=852  41$aBritish Library$bOC$jZP.9.a.240$3Vol. 95 (2011)-Vol. 101(2017)
=880  00$6245-01$a仏教学部論集.
=880  \\$6260-02$a京都市 :$b佛教大学仏教学部
=880  1\$6362-03$aBegan with 第95号 (2011年3月).
=985  \\$acontinues in part: Bungakubu ronshu (ISSN 0918-9416)
=CAT  \\$a2717$b40$c20110718$lBLL01$h1633
=CAT  \\$a6537$b40$c20120127$lBLL01$h1209
=CAT  \\$a8124$b40$c20190723$lBLL01$h1452
=CAT  \\$a8124$b40$c20190723$lBLL01$h1500
=CAT  \\$a8871$b40$c20190725$lBLL01$h1154
=CAT  \\$a8124$b40$c20190725$lBLL01$h1520
=CAT  \\$a8124$b40$c20190725$lBLL01$h1522
=CAT  \\$aBATCH-UPD$b40$c20190728$lBLL01$h2200
=FIN  \\$aY$d20190723
=FMT  \\$a  SE
=LAS  \\$aBATCH-UPD$b40$c20190728$lBLL01$h2200
=SID  \\$aZ39$bOCLC
=TCO  \\$aZZZ$c008

