=LDR  02521aas a2200649 a 4500
=001  015850096
=003  Uk
=005  20190725152415.0
=007  ta
=008  111222c20119999ja\ar\p\\\\\\\0\\\d0jpn\d
=022  0\$a2185-4203
=035  \\$a(OCoLC)769145956
=040  \\$aCUY$beng$cCUY$dOCLCQ$dOCLCF$dOCLCO$dOCL$dUk
=041  0\$ajpn$feng
=042  \\$aukblsr
=043  \\$aae-----
=082  04$a950.05$223
=222  \0$aRekishi Gakubu ronshuu
=245  00$6880-01$aRekishi Gakubu ronshū.
=246  31$aJournal of the School of History
=260  \\$6880-02$aKyōto-shi :$bBukkyō Daigaku Rekishi Gakubu
=300  \\$av. :$billustrations (black and white), maps (black and white) ;$c26 cm.
=310  \\$aAnnual
=336  \\$atext$btxt$2rdacontent
=337  \\$aunmediated$bn$2rdamedia
=338  \\$avolume$bnc$2rdacarrier
=362  1\$6880-03$aBegan with vol. 1 (2011-nen 3-gatsu).
=515  \\$aFirst issue also called "Sōkangō."
=546  \\$aIn Japanese; table of contents also in English.
=550  \\$aEdited by: Bukkyō Daigaku Gakujutsu Iinkai, Rekishi Gakubu Henshū Iinkai.
=588  \\$aDescription based on: Vol. 1 (2011-nen 3-gatsu); title from title page.
=588  \\$aLatest issue consulted: volume 6 (March 2016).
=650  \0$aHistory$vPeriodicals.
=650  \7$aHistory.$2fast$0(OCoLC)fst00958235
=651  \0$aEast Asia$xHistory$vPeriodicals.
=651  \7$aEast Asia.$2fast$0(OCoLC)fst01243628
=655  \7$aHistory.$2fast$0(OCoLC)fst01411628
=655  \7$aPeriodicals.$2fast$0(OCoLC)fst01411641
=710  2\$aBukkyō Daigaku (Kyoto, Japan).$bRekishi Gakubu,$eissuing body.
=776  08$iAlso issued online as:$tRekishi Gakubu ronshū
=780  07$6880-06$tBungakubu ronshū (Kyoto, Japan)$x0918-9416
=852  41$aBritish Library$bOC$jZP.9.a.241$3Vol. 1 (2011)-Vol. 7(2017)***Vol. 7 (2017). Mislaid.
=880  00$6245-01$a歴史学部論集.
=880  \\$6260-02$a京都市 :$b佛教大学歴史学部
=880  1\$6362-03$aBegan with vol. 1 (2011年3月).
=985  \\$acontinues in part: Bungakubu ronshu (ISSN 0918-9416)
=CAT  \\$a2717$b40$c20110718$lBLL01$h1652
=CAT  \\$a6537$b40$c20120127$lBLL01$h1209
=CAT  \\$a8124$b40$c20190724$lBLL01$h0746
=CAT  \\$a8124$b40$c20190724$lBLL01$h0820
=CAT  \\$a8871$b40$c20190725$lBLL01$h1152
=CAT  \\$a8124$b40$c20190725$lBLL01$h1524
=FIN  \\$aY$d20190724
=FMT  \\$a  SE
=LAS  \\$a8124$b40$c20190725$lBLL01$h1524
=SID  \\$aZ39$bOCLC
=TCO  \\$aZZZ$c008

