=LDR  03055cai a2200721 a 4500
=001  015853222
=003  Uk
=005  20230210011003.0
=007  td
=008  110721d200u2022enkmx\l\\f\\\\0\\\a2eng\\
=015  \\$aGBB187447$2bnb
=022  0\$a2047-7104
=040  \\$aUk$beng$cUk$dUk
=042  \\$aukblsr
=082  04$a004.160846$223
=222  \0$aPC knowledge for seniors
=245  00$aPC knowledge for seniors.
=260  \\$aSkipton :$bAgora Business Publications,$c-2022.
=300  \\$av. (loose-leaf) :$bill. ;$c23 cm. +$eCD-ROMs.
=310  \\$aUpdated every six weeks
=336  \\$atext$2rdacontent
=337  \\$aunmediated$2rdamedia
=338  \\$avolume$2rdacarrier
=540  \\$aCurrent Copyright Fee: GBP25.00$c0$5Uk
=580  \\$aMerged with: Windows advisor, to become: PC knowledge & Windows advisor.
=588  \\$aDescription based on: Work updated to issue no. 5 (June/July 11).
=650  \0$aMicrocomputers$vHandbooks, manuals, etc.
=650  \0$aComputer software$vHandbooks, manuals, etc.
=650  \0$aInternet$vHandbooks, manuals, etc.
=650  \0$aComputers and older people$vHandbooks, manuals, etc.
=785  17$tWindows advisor$x2047-7112
=785  17$tPC knowledge & Windows advisor$x2753-3557
=852  41$aBritish Library$bHMNTS$jZK.9.a.13082$3Main work (2011)-no. 12 (Dec. 2022)
=852  41$aBritish Library$bHMNTS$jEC.9.x.963$3Accompanying electronic media
=985  \\$aDo not merge with ISSN record on#015848229 or add 022 {dollar}2 02 or 042issnuk
=ACF  \\$aPrevious Copyright Fee: GBP12.30$c0$e01-jan-2015$fGBP12.30$g0$hC$5Uk
=ACF  \\$aPrevious Copyright Fee: GBP15.00$c0$e01-jan-2017$fGBP15.00$g0$hC$5Uk
=ACF  \\$aPrevious Copyright Fee: GBP17.50$c0$e01-jan-2018$fGBP17.50$g0$hC$5Uk
=ACF  \\$aPrevious Copyright Fee: GBP20.00$c0$e01-jan-2020$fGBP20.00$g0$hC$5Uk
=ACF  \\$aPrevious Copyright Fee: GBP22.50$c0$e01-jan-2021$fGBP22.50$g0$hC$5Uk
=CAT  \\$a8124$b40$c20110721$lBLL01$h1443
=CAT  \\$a8124$b40$c20120201$lBLL01$h0749
=CAT  \\$aBATCH-CLA$b00$c20141128$lBLL01$h0931
=CAT  \\$aIPL-CLA$c20141231$lBLL01$h1702
=CAT  \\$aBATCH-CLA$b00$c20161130$lBLL01$h1648
=CAT  \\$aIPL-CLA$c20161230$lBLL01$h2356
=CAT  \\$aBATCH-CLA$b00$c20171130$lBLL01$h1713
=CAT  \\$aIPL-CLA$c20171231$lBLL01$h1808
=CAT  \\$aBATCH-CLA$b00$c20191129$lBLL01$h1630
=CAT  \\$aIPL-CLA$c20191231$lBLL01$h2028
=CAT  \\$aBATCH-CLA$b00$c20201126$lBLL01$h1420
=CAT  \\$aIPL-CLA$c20201231$lBLL01$h2328
=CAT  \\$aBATCH-CLA$b00$c20221130$lBLL01$h1457
=CAT  \\$aIPL-CLA$c20221231$lBLL01$h2307
=CAT  \\$a8124$b40$c20230112$lBLL01$h1248
=CAT  \\$aBATCH-CLA$b00$c20230209$lBLL01$h1543
=CAT  \\$aIPL-CLA$c20230210$lBLL01$h0110
=CFI  0\$aCurrent Copyright Fee: GBP25.00$c0$e09-feb-2023$fGBP25.00$g0$hC$5Uk
=CFI  2\$aBritish Library not licensed to copy$c0$e01-jan-2023$hC$iCFP Excluded$5Uk
=FIN  \\$aY$d20110721
=FMT  \\$a  SE
=LAS  \\$aIPL-CLA$b00$c20230210$lBLL01$h0110
=TCO  \\$aCLA$bCLA$c008

