=LDR  03139cai a2200721 a 4500
=001  015857425
=003  Uk
=005  20230210011003.0
=007  td
=008  110727d20032022enkuu\l\\f\\\\0\\\a2eng\\
=015  \\$aGBB190073$2bnb
=022  0\$a2047-7112
=040  \\$aUk$beng$cUk$dUk
=042  \\$aukblsr
=082  04$a005.44684$223
=222  \4$aThe Windows advisor
=245  04$aThe Windows advisor.
=260  \\$aSkipton :$bAgora Business Publications,$c[2003]-2022.
=300  \\$av. (loose-leaf) :$bill. ;$c21 cm.
=336  \\$atext$2rdacontent
=337  \\$aunmediated$2rdamedia
=338  \\$avolume$2rdacarrier
=500  \\$aSize does not include binder.
=540  \\$aCurrent Copyright Fee: GBP25.00$c0$5Uk
=580  \\$aMerged with: PC knowledge for seniors, to become: PC knowledge & Windows advisor.
=588  \\$aDescription based on: issue 4 (May/June 2011) update pages only.
=630  00$aMicrosoft Windows (Computer file)$vHandbooks, manuals, etc.
=650  \0$aWindows (Computer programs)$vHandbooks, manuals, etc.
=650  \0$aOperating systems (Computers)$vHandbooks, manuals, etc.
=785  17$tPC knowledge & Windows advisor$x2753-3557
=785  17$tPC knowledge for seniors$x2047-7104
=852  41$aBritish Library$bHMNTS$jZK.9.a.12746$3Issue 1 (Jan/Feb. 2011)-issue 10 (Oct. 2022)
=985  \\$aDo not add 022 {dollar}202 or 042 issnuk or merge this integrating resource record with ISSN record on #015848235
=ACF  \\$aPrevious Copyright Fee: GBP12.30$c0$e01-jan-2015$fGBP12.30$g0$hC$5Uk
=ACF  \\$aPrevious Copyright Fee: GBP15.00$c0$e01-jan-2017$fGBP15.00$g0$hC$5Uk
=ACF  \\$aPrevious Copyright Fee: GBP17.50$c0$e01-jan-2018$fGBP17.50$g0$hC$5Uk
=ACF  \\$aPrevious Copyright Fee: GBP20.00$c0$e01-jan-2020$fGBP20.00$g0$hC$5Uk
=ACF  \\$aPrevious Copyright Fee: GBP22.50$c0$e01-jan-2021$fGBP22.50$g0$hC$5Uk
=CAT  \\$a8124$b40$c20110727$lBLL01$h1233
=CAT  \\$a8124$b40$c20110727$lBLL01$h1234
=CAT  \\$aBATCH-CLA$b00$c20141128$lBLL01$h0930
=CAT  \\$aIPL-CLA$c20141231$lBLL01$h1702
=CAT  \\$aBATCH-CLA$b00$c20161130$lBLL01$h1647
=CAT  \\$aIPL-CLA$c20161230$lBLL01$h2356
=CAT  \\$aBATCH-CLA$b00$c20171130$lBLL01$h1714
=CAT  \\$aIPL-CLA$c20171231$lBLL01$h1808
=CAT  \\$aBATCH-CLA$b00$c20191129$lBLL01$h1629
=CAT  \\$aIPL-CLA$c20191231$lBLL01$h2028
=CAT  \\$aBATCH-CLA$b00$c20201126$lBLL01$h1419
=CAT  \\$aIPL-CLA$c20201231$lBLL01$h2329
=CAT  \\$aBATCH-CLA$b00$c20221130$lBLL01$h1457
=CAT  \\$aIPL-CLA$c20221231$lBLL01$h2307
=CAT  \\$a8124$b40$c20230112$lBLL01$h1248
=CAT  \\$a8124$b40$c20230112$lBLL01$h1256
=CAT  \\$aBATCH-CLA$b00$c20230209$lBLL01$h1543
=CAT  \\$aIPL-CLA$c20230210$lBLL01$h0110
=CFI  0\$aCurrent Copyright Fee: GBP25.00$c0$e09-feb-2023$fGBP25.00$g0$hC$5Uk
=CFI  2\$aBritish Library not licensed to copy$c0$e01-jan-2023$hC$iCFP Excluded$5Uk
=FIN  \\$aY$d20110727
=FMT  \\$a  SE
=LAS  \\$aIPL-CLA$b00$c20230210$lBLL01$h0110
=LKR  \\$aPAR$b015853222$lBLL01$nPC knowledge for seniors$mWindows advisor$r78517
=TCO  \\$aCLA$bCLA$c008

