=LDR  04495cas a2200997 a 4500
=001  015858412
=003  Uk
=005  20221231145105.0
=007  ta
=008  110729c20119999enkqr\p\\\\\\\0\\\a0eng\\
=015  \\$aGBB190327$2bnb
=022  \\$a2156-7689
=040  \\$aUk$beng$cUk$dUk
=042  \\$aukblsr
=082  04$a320.53$223
=245  00$aPolitics, religion & ideology.
=246  3\$aPolitics, religion and ideology
=260  \\$aAbingdon :$bTaylor & Francis Group,$c2011-
=300  \\$av. ;$c25 cm.
=310  \\$aQuarterly
=336  \\$atext$2rdacontent
=337  \\$aunmediated$2rdamedia
=338  \\$avolume$2rdacarrier
=362  0\$aVol. 12, no. 1 (Mar. 2011)-
=500  \\$aOn cover: Routledge - Taylor & Francis Group.
=530  \\$aAlso issued online.
=540  \\$aCurrent copyright fee: GBP37.00$c2\0$5Uk
=650  \0$aReligion and politics$vPeriodicals.
=650  \0$aTotalitarianism$vPeriodicals.
=650  \0$aAuthoritarianism$vPeriodicals.
=776  1\$tPolitics, religion & ideology (Online)$x2156-7697
=780  00$tTotalitarian movements and political religions$x1469-0764
=852  41$aBritish Library$bHMNTS$jZC.9.a.8815$3Vol. 12, no. 1 (2011)-v. 16, no. 4 (2015)***UKRR-Excluded-Not Selected***Title now taken as electronic copy only
=856  \\$31850-9999$uhttp://www.tandfonline.com/$xBLDSS
=945  \\$aPolitics religion and ideology.
=979  \\$aBritish Library$bDSC$j6543.949580
=985  \\$aAdd 222 when record on issn portal updated
=ACF  \\$aPrevious Copyright Fee: GBP26.00$c0$e01-apr-2012$fGBP26.00$g0$hC$5Uk
=ACF  \\$aPrevious Copyright Fee: GBP26.00$c0$e01-jan-2012$fGBP26.00$g0$hC$5Uk
=ACF  \\$aPrevious Copyright Fee: GBP26.00$c0$e01-jul-2012$fGBP26.00$g0$hC$5Uk
=ACF  \\$aPrevious Copyright Fee: GBP26.00$c0$e01-oct-2012$fGBP26.00$g0$hC$5Uk
=ACF  \\$aPrevious Copyright Fee: GBP27.00$c0$e01-jan-2013$fGBP27.00$g0$hC$5Uk
=ACF  \\$aPrevious Copyright Fee: GBP28.75$c0$e01-jan-2015$fGBP28.75$g0$hC$5Uk
=ACF  \\$aPrevious Copyright Fee: GBP27.60$c0$e01-jan-2014$fGBP27.60$g0$hC$5Uk
=ACF  \\$aPrevious copyright fee: GBP25.00$c2\0$e20-feb-2015$fGBP25.00$g0$hP$5Uk
=ACF  \\$aPrevious copyright fee: GBP26.00$c2\0$e01-jan-2016$fGBP26.00$g0$hP$5Uk
=ACF  \\$aPrevious copyright fee: GBP28.00$c2\0$e01-jan-2017$fGBP28.00$g0$hP$5Uk
=ACF  \\$aPrevious copyright fee: GBP30.00$c2\0$e01-jan-2018$fGBP30.00$g0$hP$5Uk
=ACF  \\$aPrevious copyright fee: GBP32.00$c2\0$e01-jan-2019$fGBP32.00$g0$hP$5Uk
=ACF  \\$aPrevious copyright fee: GBP34.00$c2\0$e01-jan-2020$fGBP34.00$g0$hP$5Uk
=CAT  \\$a8871$b40$c20110729$lBLL01$h1605
=CAT  \\$aIPL-CLA$c20121231$lBLL01$h1333
=CAT  \\$aIPL-CLA$c20130102$lBLL01$h1810
=CAT  \\$aBATCH-CLA$b00$c20131129$lBLL01$h1650
=CAT  \\$aIPL-CLA$c20140101$lBLL01$h0149
=CAT  \\$aBATCH-CLA$b00$c20141128$lBLL01$h0929
=CAT  \\$aIPL-CLA$c20141231$lBLL01$h1702
=CAT  \\$a5552$b40$c20150220$lBLL01$h1551
=CAT  \\$aBLDSS-3PM$b00$c20150513$lBLL01$h0807
=CAT  \\$aBATCH-UPD$b00$c20151119$lBLL01$h1546
=CAT  \\$aIPL-CLA$c20151231$lBLL01$h1933
=CAT  \\$aBATCH-UPD$b00$c20160413$lBLL01$h1825
=CAT  \\$aBATCH-UPD$b00$c20160708$lBLL01$h1404
=CAT  \\$aBATCH-UPD$b00$c20161122$lBLL01$h1514
=CAT  \\$aIPL-CLA$c20161230$lBLL01$h2356
=CAT  \\$a5552$b40$c20170307$lBLL01$h1038
=CAT  \\$aBATCH-UPD$b40$c20171121$lBLL01$h1650
=CAT  \\$aIPL-CLA$c20171231$lBLL01$h1809
=CAT  \\$aBATCH-UPD$b00$c20181217$lBLL01$h1640
=CAT  \\$aIPL-CLA$c20181231$lBLL01$h1551
=CAT  \\$aBATCH-UPD$b00$c20191122$lBLL01$h1902
=CAT  \\$aIPL-CLA$c20191231$lBLL01$h2028
=CAT  \\$aBATCH-UPD$b00$c20201118$lBLL01$h1336
=CAT  \\$aIPL-CLA$c20201231$lBLL01$h1532
=CAT  \\$aBATCH-UPD$b00$c20221121$lBLL01$h1349
=CAT  \\$aIPL-CLA$c20221231$lBLL01$h1451
=CFI  0\$aCurrent copyright fee: GBP37.00$c2\0$e01-jan-2023$fGBP37.00$g0$hP$5Uk
=CFI  2\$aPrevious copyright fee: GBP35.00$c2\0$e01-jan-2021$fGBP35.00$g0$hP$5Uk
=FFP  \\$aY$bBLDSS-3PM
=FIN  \\$aY$d20110729
=FMT  \\$a  SE
=LAS  \\$aIPL-CLA$b00$c20221231$lBLL01$h1451
=LKR  \\$aPAR$b009910696$lBLL01$nTotalitarian movements and political religions$mPolitics, religion & ideology$r78000
=LKR  \\$aPAR$b015845124$lBLL01$nPolitics, religion & ideology (Online)$mPolitics, religion & ideology (Print)$r776
=TCO  \\$aCLA$bCLA$c008
=TOC  \\$aETOC

