=LDR  01560 as a2200409 a 4500
=001  015866145
=003  Uk
=005  20131217102313.0
=007  ta
=008  110810d2011201uenkuu\p\\\\\\\0\\\a0eng\\
=015  \\$aGBB195455$2bnb
=040  \\$aUk$beng$cUk
=042  \\$aukblsr
=082  04$a362.1094105$223
=245  00$aPartnership in practice :$ba guide to joint working between NHS and industry.
=246  13$aPiP
=260  \\$a[Birmingham] :$bHealth Sector Publishing, in association with Events4Healthcare,$c2011-
=300  \\$av. :$bill. (some col.), col. ports. ;$c30 cm.
=336  \\$atext$2rdacontent
=337  \\$aunmediated$2rdamedia
=338  \\$avolume$2rdacarrier
=362  0\$a2011-
=650  \0$aNational health services$zGreat Britain$vPeriodicals.
=650  \0$aPharmaceutical industry$zGreat Britain$vPeriodicals.
=650  \0$aPublic-private sector cooperation$zGreat Britain$vPeriodicals.
=690  7\$aSocial Welfare$2blcoll
=776  08$iContinued online as:$tPartnership in practice$x2054-1759
=852  41$aBritish Library$bHMNTS$jZK.9.b.29601$32011***Title now taken as electronic copy
=985  \\$aISSN Centre note: ISSN not assigned to a print version, this may have been a one-off issue printed for an event.
=CAT  \\$a11205$b40$c20110810$lBLL01$h1225
=CAT  \\$aBATCH-SWP$c20111001$lBLL01$h0056
=CAT  \\$a11316$b40$c20131217$lBLL01$h0941
=CAT  \\$a11316$b40$c20131217$lBLL01$h1023
=FIN  \\$aY$d20110810
=FMT  \\$a  SE
=LAS  \\$a11316$b40$c20131217$lBLL01$h1023
=TCO  \\$aCLA$bCLA$c008

