=LDR  05279cas a2201141 a 4500
=001  015883405
=003  Uk
=005  20221231145107.0
=006  m\\\\\\\\d\\\\\\\\
=007  cr\|||||||||||
=008  110728c20119999ne\tr\p\s\\\\\0\\\a0eng\c
=010  \\$a2011268519
=022  \\$a2211-1670
=035  \\$a(OCoLC)743207878
=037  \\$a???$bSpringer
=040  \\$aHNK$cHNK$dVPI$dSERSO$dUk
=042  \\$aukblsr
=082  04$a507.11$223
=245  00$aTechnology, knowledge and learning$h[electronic resource].
=246  1\$aTKL
=260  \\$aDordrecht :$bSpringer
=336  \\$atext$2rdacontent
=337  \\$acomputer$2rdamedia
=338  \\$aonline resource$2rdacarrier
=362  1\$aBegan with vol. 16, no. 1 (Apr. 2011).
=500  \\$a"Learning mathematics, science and the arts in the context of digital technologies".
=540  \\$aCurrent copyright fee: GBP29.95$c22\1$5Uk
=588  \\$aDescription based on: Vol. 16, no. 1 (Apr. 2011); title from journal home page (SpringerLink, viewed Sept. 16, 2011).
=588  \\$aLatest issue consulted: Vol. 16, no. 1 (Apr. 2011) (viewed Sept. 29, 2011).
=650  \0$aEducational technology$vPeriodicals.
=650  \0$aComputer-assisted instruction$vPeriodicals.
=650  \0$aMathematics$xComputer-assisted instruction$vPeriodicals.
=650  \0$aMathematics$xStudy and teaching$vPeriodicals.
=650  \0$aArts$xStudy and teaching$vPeriodicals.
=650  \0$aScience$xStudy and teaching$vPeriodicals.
=776  08$iPrint version:$tTechnology, knowledge and learning$x2211-1662
=780  00$tInternational journal of computers for mathematical learning (Online)$x1573-1766
=852  41$aBritish Library$bDSC$j8758.921000$3Volume 16:Issue 1(2011)-***See ESTAR for full holdings.
=852  41$aBritish Library$bHMNTS$jELD Digital store$3Volume 23:Issue 1(2018)-
=856  \\$31850-9999$uhttp://www.springer.com/gb/$xBLDSS
=856  40$uhttp://www.springerlink.com/content/122222/
=859  \\$aELD$bejournal
=945  \\$aTechnology knowledge and learning
=959  \\$fCurrently received
=985  \\$aISSN work level record on Portal - unable to add 222 -SF 29/09/2011
=ACF  \\$aPrevious copyright fee: GBP22.00$c13\1$e05-sep-2011$fGBP22.00$g0$hP$5Uk
=ACF  \\$aPrevious copyright fee: GBP22.00$c13\1$e12-aug-2012$fGBP22.00$g0$hP$5Uk
=ACF  \\$aPrevious copyright fee: GBP25.00$c13\1$e01-jan-2013$fGBP25.00$g0$hP$5Uk
=ACF  \\$aPrevious copyright fee: GBP25.77$c13\1$e01-jul-2013$fGBP25.77$g0$hP$5Uk
=ACF  \\$aPrevious copyright fee: GBP24.97$c13\1$e01-jan-2014$fGBP24.97$g0$hP$5Uk
=ACF  \\$aPrevious copyright fee: GBP24.21$c13\1$e01-jul-2014$fGBP24.21$g0$hP$5Uk
=ACF  \\$aPrevious copyright fee: GBP25.77$c13\1$e01-apr-2015$fGBP25.77$g0$hP$5Uk
=ACF  \\$aPrevious copyright fee: GBP26.63$c13\1$e01-jul-2015$fGBP26.63$g0$hP$5Uk
=ACF  \\$aPrevious copyright fee: GBP25.77$c13\1$e01-oct-2015$fGBP25.77$g0$hP$5Uk
=ACF  \\$aPrevious copyright fee: GBP27.55$c13\1$e01-apr-2016$fGBP27.55$g0$hP$5Uk
=ACF  \\$aPrevious copyright fee: GBP29.59$c13\1$e01-oct-2016$fGBP29.59$g0$hP$5Uk
=ACF  \\$aPrevious copyright fee: GBP31.96$c13\1$e01-apr-2017$fGBP31.96$g0$hP$5Uk
=ACF  \\$aPrevious copyright fee: GBP30.73$c13\1$e01-oct-2017$fGBP30.73$g0$hP$5Uk
=ACF  \\$aPrevious copyright fee: GBP28.54$c13\1$e01-apr-2018$fGBP28.54$g0$hP$5Uk
=CAT  \\$a12500$b40$c20110905$lBLL01$h1448
=CAT  \\$aBATCH-UPD$b00$c20150219$lBLL01$h1645
=CAT  \\$aCDS15-UPD$b40$c20150313$lBLL01$h1911
=CAT  \\$aIPL-CLA$c20150331$lBLL01$h1716
=CAT  \\$aBATCH-UPD$b00$c20150520$lBLL01$h1703
=CAT  \\$aIPL-CLA$c20150630$lBLL01$h1715
=CAT  \\$aBATCH-UPD$b00$c20150820$lBLL01$h1753
=CAT  \\$aIPL-CLA$c20150930$lBLL01$h1843
=CAT  \\$aBATCH-UPD$b00$c20160217$lBLL01$h1640
=CAT  \\$aIPL-CLA$c20160331$lBLL01$h1805
=CAT  \\$aBATCH-UPD$b00$c20160524$lBLL01$h2159
=CAT  \\$aBATCH-UPD$b00$c20160524$lBLL01$h2304
=CAT  \\$aBATCH-UPD$b00$c20160824$lBLL01$h1717
=CAT  \\$aIPL-CLA$c20160930$lBLL01$h1634
=CAT  \\$aBATCH-UPD$b00$c20170216$lBLL01$h1804
=CAT  \\$aIPL-CLA$c20170331$lBLL01$h1911
=CAT  \\$aBATCH-UPD$b00$c20170904$lBLL01$h1805
=CAT  \\$aIPL-CLA$c20170929$lBLL01$h1757
=CAT  \\$aBATCH-UPD$b00$c20180223$lBLL01$h1622
=CAT  \\$a6558$b40$c20180326$lBLL01$h1457
=CAT  \\$aIPL-CLA$c20180331$lBLL01$h1656
=CAT  \\$aBATCH-UPD$b00$c20180524$lBLL01$h1654
=CAT  \\$aIPL-CLA$c20180630$lBLL01$h1934
=CAT  \\$a15005$b40$c20210407$lBLL01$h1607
=CAT  \\$aBATCH-UPD$b40$c20221121$lBLL01$h1405
=CAT  \\$aIPL-CLA$c20221231$lBLL01$h1451
=CFI  0\$aCurrent copyright fee: GBP29.95$c22\1$e01-jan-2023$fGBP29.95$g0$hP$5Uk
=CFI  2\$aPrevious copyright fee: GBP34.00$c22\1$e01-jul-2018$fGBP34.00$g0$hP$5Uk
=EST  \\$a1
=FFP  \\$aY$bBLDSS-3PM
=FIN  \\$aY$d20110929
=FMT  \\$a  SE
=LAS  \\$aIPL-CLA$b00$c20221231$lBLL01$h1451
=LKR  \\$aPAR$b012433442$lBLL01$nInternational journal of computers for mathematical learning (Online)$mTechnology, knowledge and learning (Online)$r78000
=MNI  \\$a2211-1662
=SID  \\$aZ39$bOCLC
=TCO  \\$aZZZ$c008
=TOC  \\$aETOC
=UNO  \\$aY

