=LDR  01633 as a22004217a 4500
=001  015884047
=003  Uk
=005  20120202095405.0
=007  ta
=008  110906d201u201uenkmr\p\\\s\\\0\\\a0eng\\
=022  0\$y2044-4079
=040  \\$aUk$beng$cUk
=042  \\$aukblsr
=082  04$a338.436691$223
=245  00$aSemi-finished steel & ferrous scrap review /$cMEPS.
=260  \\$aSheffield :$bMEPS
=300  \\$av. :$bill. ;$c30 cm.
=310  \\$aMonthly
=336  \\$atext$2rdacontent
=337  \\$aunmediated$2rdamedia
=338  \\$avolume$2rdacarrier
=588  \\$aDescription based on: Feb. 2011 issue.
=650  \0$aSteel$xPrices$vPeriodicals.
=650  \0$aSteel industry and trade$vPeriodicals.
=650  \0$aScrap metals$xPrices$vPeriodicals.
=650  \0$aScrap metal industry$vPeriodicals.
=710  2\$aMEPS (International) Ltd.
=852  41$aBritish Library$bHMNTS$jZK.9.b.29115$3Feb. (2011)-Mar. (2011)
=985  \\$aRecord used to process LDO Continuation parts - will require full cataloguing when first issue is retrieved from the serials cataloguing backlog. Once catalogued please route to LDO 1st project so item can be accessioned.
=985  \\$aPlease see notes on record for online title. ISSN assigned for the primary online format only. Print issues reproduced for marketing purposes.
=CAT  \\$a11316$b40$c20110906$lBLL01$h1437
=CAT  \\$aBATCH-TCO$c20120117$lBLL01$h0039
=CAT  \\$a10806$b40$c20120202$lBLL01$h0952
=CAT  \\$a10806$b40$c20120202$lBLL01$h0954
=FIN  \\$ay$d20120202
=FMT  \\$a  SE
=LAS  \\$a10806$b40$c20120202$lBLL01$h0954
=TCO  \\$aCLA$bCLA$c008

