=LDR  05629cas a2201189 a 4500
=001  015887521
=003  Uk
=005  20220930142829.0
=006  m\\\\\\\\d\\\\\\\\
=007  cr\|||||||||||
=008  110105c20119999nyubr\pso\\\\\0\\\a0eng\\
=010  \\$a2011204302
=022  0\$a2159-3345
=035  \\$a(OCoLC)695033656
=037  \\$bMary Ann Liebert, Inc., 140 Huguenot St, New Rochelle, NY 10801$c1061.00$c176.00 (single issue)
=040  \\$aDLC$beng$cDLC$dDLC$dOCLCQ$dPFM$dUk
=042  \\$aukblsr
=082  04$a615.895$223
=245  00$aNucleic acid therapeutics$h[electronic resource].
=260  \\$aNew Rochelle, NY :$bMary Ann Liebert, Inc.
=310  \\$aSix times per year
=336  \\$atext$2rdacontent
=337  \\$acomputer$2rdamedia
=338  \\$aonline resource$2rdacarrier
=362  1\$aBegan with v. 21, no. 3 (June 2011).
=540  \\$aCurrent copyright fee: GBP42.50$c18\0$5Uk
=550  \\$aOfficial journal of: Oligonucleotide Therapeutics Society.
=588  \\$aDescription based on: Vol. 21, no. 3 (June 2011); title from issue table of contents page (Liebert Online, viewed Aug. 5, 2011).
=588  \\$aLatest issue consulted: Vol. 21, no. 4 (Aug. 2011) (viewed Oct. 3, 2011).
=650  \0$aNucleic acids$vPeriodicals.
=650  \0$aNucleic acids$xBiotechnology$vPeriodicals.
=650  \0$aGene therapy$vPeriodicals.
=710  2\$aOligonucleotide Therapeutics Society.
=776  08$iPrint version:$tNucleic acid therapeutics$x2159-3337
=780  00$tOligonucleotides (Online)$x1557-8526
=852  41$aBritish Library$bDSC$j6183.674900$3Volume 21:Issue 3(2011)-***See ESTAR for full holdings.
=856  \\$31850-9999$uhttp://www.liebertpub.com/$xBLDSS
=856  40$uhttp://www.liebertonline.com/loi/nat
=945  \\$aNucleic acid therapeutics
=959  \\$fCurrently received
=985  \\$aISSN record 'work' level, unable to add 222 -
=985  \\$aCONFERENCE ANALYTIC RECORDS EXIST
=ACF  \\$aPrevious copyright fee: GBP31.88$c18\0$e09-sep-2011$fGBP31.88$g0$hP$5Uk
=ACF  \\$aPrevious copyright fee: GBP32.90$c18\0$e01-jan-2012$fGBP32.90$g0$hP$5Uk
=ACF  \\$aPrevious copyright fee: GBP30.91$c18\0$e01-jul-2012$fGBP30.91$g0$hP$5Uk
=ACF  \\$aPrevious copyright fee: GBP31.88$c18\0$e01-jan-2013$fGBP31.88$g0$hP$5Uk
=ACF  \\$aPrevious copyright fee: GBP32.90$c18\0$e01-jul-2013$fGBP32.90$g0$hP$5Uk
=ACF  \\$aPrevious copyright fee: GBP31.88$c18\0$e01-jan-2014$fGBP31.88$g0$hP$5Uk
=ACF  \\$aPrevious copyright fee: GBP30.91$c18\0$e01-jul-2014$fGBP30.91$g0$hP$5Uk
=ACF  \\$aPrevious copyright fee: GBP32.90$c18\0$e01-apr-2015$fGBP32.90$g0$hP$5Uk
=ACF  \\$aPrevious copyright fee: GBP34.00$c18\0$e01-jul-2015$fGBP34.00$g0$hP$5Uk
=ACF  \\$aPrevious copyright fee: GBP32.90$c18\0$e01-oct-2015$fGBP32.90$g0$hP$5Uk
=ACF  \\$aPrevious copyright fee: GBP35.17$c18\0$e01-apr-2016$fGBP35.17$g0$hP$5Uk
=ACF  \\$aPrevious copyright fee: GBP37.78$c18\0$e01-oct-2016$fGBP37.78$g0$hP$5Uk
=ACF  \\$aPrevious copyright fee: GBP40.80$c18\0$e01-apr-2017$fGBP40.80$g0$hP$5Uk
=ACF  \\$aPrevious copyright fee: GBP39.23$c18\0$e01-oct-2017$fGBP39.23$g0$hP$5Uk
=ACF  \\$aPrevious copyright fee: GBP36.43$c18\0$e01-apr-2018$fGBP36.43$g0$hP$5Uk
=ACF  \\$aPrevious copyright fee: GBP39.23$c18\0$e01-oct-2018$fGBP39.23$g0$hP$5Uk
=ACF  \\$aPrevious copyright fee: GBP40.80$c18\0$e01-oct-2019$fGBP40.80$g0$hP$5Uk
=ACF  \\$aPrevious copyright fee: GBP39.23$c18\0$e01-apr-2020$fGBP39.23$g0$hP$5Uk
=ACF  \\$aPrevious copyright fee: GBP40.80$c18\0$e01-jul-2020$fGBP40.80$g0$hP$5Uk
=ACF  \\$aPrevious copyright fee: GBP37.78$c18\0$e01-apr-2021$fGBP37.78$g0$hP$5Uk
=ACF  \\$aPrevious copyright fee: GBP36.43$c18\0$e07-jul-2021$fGBP36.43$g0$hP$5Uk
=CAT  \\$a12500$b40$c20110909$lBLL01$h1318
=CAT  \\$aBATCH-UPD$b00$c20160524$lBLL01$h2304
=CAT  \\$aBATCH-UPD$b00$c20160824$lBLL01$h1731
=CAT  \\$aIPL-CLA$c20160930$lBLL01$h1634
=CAT  \\$aBATCH-UPD$b00$c20170216$lBLL01$h1819
=CAT  \\$aIPL-CLA$c20170331$lBLL01$h1911
=CAT  \\$aBATCH-UPD$b00$c20170904$lBLL01$h1824
=CAT  \\$aIPL-CLA$c20170929$lBLL01$h1757
=CAT  \\$aBATCH-UPD$b00$c20180223$lBLL01$h1639
=CAT  \\$aIPL-CLA$c20180331$lBLL01$h1656
=CAT  \\$aBATCH-UPD$b00$c20180823$lBLL01$h1924
=CAT  \\$aIPL-CLA$c20180930$lBLL01$h1514
=CAT  \\$aBATCH-UPD$b00$c20190829$lBLL01$h1510
=CAT  \\$aIPL-CLA$c20190930$lBLL01$h1650
=CAT  \\$aBATCH-UPD$b00$c20200219$lBLL01$h1453
=CAT  \\$aIPL-CLA$c20200331$lBLL01$h1627
=CAT  \\$aBATCH-UPD$b00$c20200522$lBLL01$h1442
=CAT  \\$aIPL-CLA$c20200701$lBLL01$h0111
=CAT  \\$aBATCH-UPD$b00$c20210226$lBLL01$h1023
=CAT  \\$aIPL-CLA$c20210331$lBLL01$h1702
=CAT  \\$aBATCH-UPD$b00$c20210707$lBLL01$h1547
=CAT  \\$aIPL-CLA$c20210707$lBLL01$h1844
=CAT  \\$aBATCH-UPD$b00$c20220520$lBLL01$h1623
=CAT  \\$aIPL-CLA$c20220630$lBLL01$h1539
=CAT  \\$aBATCH-UPD$b00$c20220824$lBLL01$h0851
=CAT  \\$aIPL-CLA$c20220930$lBLL01$h1428
=CFI  0\$aCurrent copyright fee: GBP42.50$c18\0$e01-oct-2022$fGBP42.50$g0$hP$5Uk
=CFI  2\$aPrevious copyright fee: GBP40.80$c18\0$e01-jul-2022$fGBP40.80$g0$hP$5Uk
=EST  \\$a1
=FFP  \\$aY$bBLDSS-3PM
=FIN  \\$aY$d20111003
=FMT  \\$a  SE
=LAS  \\$aIPL-CLA$b00$c20220930$lBLL01$h1428
=LKR  \\$aPAR$b012434602$lBLL01$nOligonucleotides (Online)$mNucleic acid therapeutics (Online)$r78000
=MNI  \\$a2159-3337
=SID  \\$aZ39$bOCLC
=TCO  \\$aTRS$bCCC$c008
=TOC  \\$aETOC
=UNO  \\$aY

