=LDR  03779cas a2200877 a 4500
=001  015887627
=003  Uk
=005  20221231145108.0
=007  ta
=008  081020c20079999gw\uu\p\\\\\\\0\\\b0ger\d
=040  \\$aGEBAY$bger$cGEBAY$dHEBIS$dGBVCP$dGWDNB$dDEBBG$dUk$erakwb
=042  \\$aukblsr
=082  04$a616.2005$223
=245  00$aKompendium ... Pneumologie.
=246  13$aPneumologie
=260  \\$aStuttgart :$bThieme,$c2007-
=300  \\$av. :$bill. (some col.), col. ports. ;$c28 cm.
=336  \\$atext$2rdacontent
=337  \\$aunmediated$2rdamedia
=338  \\$avolume$2rdacarrier
=362  0\$a1.2007 -
=540  \\$aCurrent copyright fee: GBP47.00$c49\0$5Uk
=588  \\$aLatest issue consulted: 2011/1 = 5 Jahrg. 2011, Nr.1 (Aug. 2011).
=595  \\$aComes with 007865081.
=650  \0$aRespiratory organs$xDiseases$vPeriodicals.
=650  \0$aRespiratory organs$xDiseases$xTreatment$vPeriodicals.
=772  0\$tPneumologie (Stuttgart, Germany)$x0934-8387
=852  41$aBritish Library$bDSC$j5105.670150$32011-2012
=856  \\$31850-9999$uhttp://www.thieme.com/$xBLDSS
=945  \\$aKompendium pneumologie
=959  \\$fHeld but not currently received
=985  \\$aISSN 1865-4150 given on item and in German record, but not verified on ISSN Portal.
=985  \\$aFollowed ISSN portal model for similar titles, (not using {dollar}p) as it is a kompendium of "Pneumologie" rather than Pneumologie being a part of "Kompendium"! MB.
=ACF  \\$aPrevious copyright fee: GBP18.18$c49\0$e12-sep-2011$fGBP18.18$g0$hP$5Uk
=ACF  \\$aPrevious copyright fee: GBP19.00$c49\0$e01-jan-2014$fGBP19.00$g0$hP$5Uk
=ACF  \\$aPrevious copyright fee: GBP21.00$c49\0$e01-jan-2017$fGBP21.00$g0$hP$5Uk
=ACF  \\$aPrevious copyright fee: GBP24.00$c49\0$e01-jan-2018$fGBP24.00$g0$hP$5Uk
=ACF  \\$aPrevious copyright fee: GBP26.00$c49\0$e01-jan-2019$fGBP26.00$g0$hP$5Uk
=ACF  \\$aPrevious copyright fee: GBP31.00$c49\0$e10-may-2021$fGBP31.00$g0$hP$5Uk
=CAT  \\$a8128$b40$c20110909$lBLL01$h1600
=CAT  \\$a8464$b40$c20110912$lBLL01$h1106
=CAT  \\$a8409$b40$c20110921$lBLL01$h1147
=CAT  \\$aBATCH-TCO$c20120117$lBLL01$h0039
=CAT  \\$a5552$b40$c20131126$lBLL01$h1206
=CAT  \\$aIPL-CLA$c20140101$lBLL01$h0150
=CAT  \\$aWR13_200$c20140112$lBLL01$h2235
=CAT  \\$aBATCH-CLA$b00$c20140125$lBLL01$h1326
=CAT  \\$aBATCH-CLA$c20140225$lBLL01$h2340
=CAT  \\$aBLDSS-3PM$b00$c20141208$lBLL01$h1628
=CAT  \\$aBATCH-UPD$b00$c20151115$lBLL01$h1619
=CAT  \\$aBATCH-UPD$b00$c20160413$lBLL01$h1825
=CAT  \\$aBATCH-UPD$b00$c20161212$lBLL01$h1808
=CAT  \\$aBATCH-UPD$b00$c20161212$lBLL01$h1815
=CAT  \\$aIPL-CLA$c20161230$lBLL01$h2357
=CAT  \\$aBATCH-UPD$b00$c20171220$lBLL01$h1158
=CAT  \\$aIPL-CLA$c20171231$lBLL01$h1809
=CAT  \\$aBATCH-UPD$b00$c20181126$lBLL01$h1136
=CAT  \\$aIPL-CLA$c20181231$lBLL01$h1551
=CAT  \\$aBATCH-UPD$b00$c20190314$lBLL01$h1522
=CAT  \\$aBATCH-UPD$b00$c20210510$lBLL01$h1229
=CAT  \\$aIPL-CLA$c20210510$lBLL01$h1315
=CAT  \\$aBATCH-UPD$b00$c20211119$lBLL01$h1527
=CAT  \\$aIPL-CLA$c20211231$lBLL01$h1545
=CAT  \\$aBATCH-UPD$b00$c20221121$lBLL01$h1437
=CAT  \\$aIPL-CLA$c20221231$lBLL01$h1451
=CFI  0\$aCurrent copyright fee: GBP47.00$c49\0$e01-jan-2023$fGBP47.00$g0$hP$5Uk
=CFI  2\$aPrevious copyright fee: GBP32.00$c49\0$e01-jan-2022$fGBP32.00$g0$hP$5Uk
=FFP  \\$aY$bBLDSS-3PM
=FIN  \\$aY$d20110909
=FMT  \\$a  SE
=LAS  \\$aIPL-CLA$b00$c20221231$lBLL01$h1451
=LKR  \\$aPAR$b007865081$lBLL01$nPneumologie (Stuttgart, Germany)$mKompendium ... Pneumologie$r772
=SID  \\$aZ39$bOCLC
=TCO  \\$aDEU$bVG WORT$c008
=TOC  \\$aETOC
=UNO  \\$aY

