=LDR  01479 as a2200409 a 4500
=001  015894136
=003  Uk
=005  20110928102537.0
=007  ta
=008  110928c200u9999xxcar\p\\\\\\\0\\\a0eng\\
=040  \\$aUk$beng$cUk
=042  \\$aukblsr
=082  04$a362.108997071$223
=245  00$aFirst Nations health status report - Alberta Region.
=260  \\$a[Canada] :$bHealth Canada
=300  \\$av. :$bcol. ill. ;$c28 cm.
=310  \\$aAnnual
=336  \\$atext$2rdacontent
=337  \\$aunmediated$2rdamedia
=338  \\$avolume$2rdacarrier
=588  \\$aDescription based on: 2009/2010 issue.
=650  \0$aIndians of North America$xHealth and hygiene$zAlberta$vPeriodicals.
=650  \0$aIndians of North America$xMedical care$zAlberta$vPeriodicals.
=690  7\$aSocial Welfare$2blcoll
=710  1\$aCanada.$bHealth Canada.
=852  41$aBritish Library$bHMNTS$jOPF.9.x.507$3(2009/2010)
=985  \\$aAn earlier title is likely to be "Report to Alberta First Nations" ISSN 1914-9298 - but can not determine if this is the immediate preceding title.
=CAT  \\$a10953$b40$c20110920$lBLL01$h1344
=CAT  \\$a10953$b40$c20110920$lBLL01$h1347
=CAT  \\$a8483$b40$c20110928$lBLL01$h1025
=CAT  \\$aBATCH-SWP$c20111223$lBLL01$h2239
=CAT  \\$aBATCH-SWP$c20111231$lBLL01$h0228
=CAT  \\$aBATCH-TCO$c20120117$lBLL01$h0040
=FIN  \\$aY$d20110928
=FMT  \\$a  SE
=LAS  \\$aBATCH-TCO$b00$c20120117$lBLL01$h0040
=TCO  \\$aCAN$bAccess$c008

