=LDR  01737cai a2200481 a 4500
=001  015901129
=003  Uk
=005  20221011121351.0
=007  td
=008  110929d20052008enktr\l\\f\\\\0\\\a2eng\\
=015  \\$aGBB1B4381$2bnb
=020  \\$a1843981033 (loose-leaf)
=022  0\$a1745-9583
=040  \\$aUk$beng$cUk
=042  \\$aukblsr
=082  04$a658.3225$222
=222  \0$aCIPD reward management$b(Print)
=245  00$aCIPD reward management /$cEditor, Paul Suff.
=246  30$aReward management
=246  30$aChartered Institute of Personnel and Development reward management
=260  \\$aLondon :$bChartered Institute of Personnel and Development,$c[2005]-
=300  \\$av. (loose-leaf) ;$c30 cm.
=310  \\$aUpdated three times yearly
=336  \\$atext$2rdacontent
=337  \\$aunmediated$2rdamedia
=338  \\$avolume$2rdacarrier
=500  \\$aSize does not include binder.
=650  \0$aIncentives in industry$vHandbooks, manuals, etc.
=650  \0$aIncentives in industry$zGreat Britain$vHandbooks, manuals, etc.
=650  \0$aCompensation management$zGreat Britain$vHandbooks, manuals, etc.
=690  7\$aManagement and Business Studies$2blcoll
=700  1\$aSuff, Paul.
=710  2\$aChartered Institute of Personnel and Development.
=852  41$aBritish Library$bHMNTS$jZC.9.b.9797$3Update 5 (Jun. 2006)-update 11 (Jun. 2008)
=985  \\$aDO NOT MERGE with ISSN record on #013061506
=CAT  \\$a8124$b40$c20110929$lBLL01$h1132
=CAT  \\$aBATCH-TCO$c20120117$lBLL01$h0039
=CAT  \\$aBATCH-MBS$c20140919$lBLL01$h2151
=CAT  \\$a6490$b40$c20221011$lBLL01$h1213
=FIN  \\$aY$d20110929
=FMT  \\$a  SE
=LAS  \\$a6490$b40$c20221011$lBLL01$h1213
=TCO  \\$aCLA$bCLA$c008

