=LDR  04082cas a2200973 a 4500
=001  015968072
=003  Uk
=005  20221231145111.0
=006  m\\\\\o\\d\\\\\\\\
=007  cr\|||||||||||
=008  120706c20129999ne\ar\\oo\\\\\0\\\a0eng\\
=015  \\$aGBB405200$2bnb
=022  0\$a2049-257X
=035  \\$a(OCoLC)798342526
=037  \\$aBL_2049257X$bPortico$nCambridge University Press
=037  3\$aISSN_2049257X$bPortico$nCambridge University Press
=040  \\$aAU@$beng$cAU@$dOCLCO$dTXA$dAGL$dUk
=042  \\$aukblsr
=070  0\$aSF94.5$b.J68
=082  04$a636.085$223
=210  0\$aJ. appl. anim. nutr.
=222  \0$aJournal of applied animal nutrition
=245  00$aJournal of applied animal nutrition$h[electronic resource].
=246  1\$aJAAN
=260  \\$a[Cambridge, England] :$bCambridge University Press,$c2012-
=264  31$32020- :$a[Wageningen] :$bWageningen Academic Publishers
=310  \\$aAnnual
=336  \\$atext$2rdacontent
=337  \\$acomputer$2rdamedia
=338  \\$aonline resource$2rdacarrier
=362  1\$aBegan with: Vol. 1 (2012).
=515  \\$aArticles added consecutively to current annual volume.
=538  \\$aMode of access: World Wide Web.
=540  \\$aCurrent Copyright Fee: GBP25.00$c0$5Uk
=588  \\$aDescription based on: Vol. 1 (2012); title from issue table of contents (Cambridge journals, viewed May 14, 2013).
=588  \\$aLatest issue consulted: volume 8, issue 2 (2020) (Wageningen Academic Publishers website, viewed September 22, 2020).
=650  \0$aAnimal nutrition$vPeriodicals.
=852  41$aBritish Library$bHMNTS$jELD Digital store$3Volume 2(2014)-Volume 7(2019)
=856  40$uhttp://journals.cambridge.org/action/displayJournal?jid=JAN
=856  40$uhttps://www.wageningenacademic.com/loi/jaan
=859  \\$aELD$bejournal
=945  \\$aJournal of applied animal nutrition
=979  \\$aBritish Library$bDSC$j4939.917000N
=985  \\$aISSN description based on: Vol. 1 (2012).
=985  \\$aISSN transferred from UK to Netherlands (Richard, 24/09/20)
=ACF  \\$aPrevious copyright fee: GBP20.00$c43\0$e26-jul-2012$fGBP20.00$g0$hP$5Uk
=ACF  \\$aPrevious copyright fee: zero$c43\0$e01-jul-2016$fGBP0.00$g0$hP$5Uk
=ACF  \\$aPrevious Copyright Fee: GBP17.50$c0$e01-apr-2019$fGBP17.50$g0$hA$5Uk
=ACF  \\$aPrevious Copyright Fee: GBP20.00$c0$e01-jan-2020$fGBP20.00$g0$hA$5Uk
=CAT  \\$a10973$b40$c20111114$lBLL01$h1350
=CAT  \\$aWR14_097$c20140704$lBLL01$h1704
=CAT  \\$a11317$b40$c20140807$lBLL01$h1037
=CAT  \\$aBLDSS-3PM$b00$c20141208$lBLL01$h1628
=CAT  \\$aBATCH-UPD$b00$c20160413$lBLL01$h1825
=CAT  \\$a5552$b40$c20160601$lBLL01$h1543
=CAT  \\$aIPL-CLA$c20160630$lBLL01$h1606
=CAT  \\$aW1711-1005$c20171206$lBLL01$h1823
=CAT  \\$a6811$b40$c20180222$lBLL01$h1629
=CAT  \\$a10806$b40$c20180802$lBLL01$h1412
=CAT  \\$aW1902-1304$c20190314$lBLL01$h1241
=CAT  \\$aBATCH-UPD$b00$c20190314$lBLL01$h1619
=CAT  \\$aIPL-CLA$c20190331$lBLL01$h1730
=CAT  \\$aDEL-3PM$c20190409$lBLL01$h0907
=CAT  \\$a11313$b40$c20191122$lBLL01$h1139
=CAT  \\$aBATCH-CLA$b00$c20191219$lBLL01$h1757
=CAT  \\$aIPL-CLA$c20191231$lBLL01$h2029
=CAT  \\$aR2001-1524$c20200127$lBLL01$h2055
=CAT  \\$a8483$b40$c20200922$lBLL01$h1531
=CAT  \\$a10806$b40$c20200924$lBLL01$h0935
=CAT  \\$a10806$b40$c20201124$lBLL01$h0950
=CAT  \\$a10806$b40$c20201201$lBLL01$h0823
=CAT  \\$aBATCH-CLA$b00$c20201204$lBLL01$h1607
=CAT  \\$aIPL-CLA$c20201231$lBLL01$h1532
=CAT  \\$aBATCH-CLA$b00$c20221221$lBLL01$h1923
=CAT  \\$aIPL-CLA$c20221231$lBLL01$h1451
=CFI  0\$aCurrent Copyright Fee: GBP25.00$c0$e01-jan-2023$fGBP25.00$g0$hA$5Uk
=CFI  2\$aPrevious Copyright Fee: GBP22.50$c0$e01-jan-2021$fGBP22.50$g0$hA$5Uk
=FIN  \\$aY$d20120521
=FMT  \\$a  SE
=LAS  \\$aIPL-CLA$b00$c20221231$lBLL01$h1451
=LET  \0$aJournal of applied animal nutrition (Electronic)
=SID  \\$aZ39$bOCLC
=TCO  \\$aCLA$bCLA$c008
=TOC  \\$aETOC

