=LDR  00897 as a22003138a 4500
=001  015975324
=003  Uk
=005  20111124134906.0
=007  ta
=008  111123c20119999enkqr\p\\\\\\\0\\\a0kor\\
=022  0\$a2049-2901$202
=040  \\$aUk$beng$cUk
=222  \0$aHeart$b(Korean ed.)
=245  00$aHeart.
=250  \\$aKorean edition
=260  \\$aOxford :$bWiley Blackwell
=263  \\$a201111
=310  \\$aQuarterly
=336  \\$atext$2rdacontent
=337  \\$aunmediated$2rdamedia
=338  \\$avolume$2rdacarrier
=852  41$aBritish Library$bHMNTS
=985  \\$aISSN UK Centre note: See English version published by BMJ at 009200828, ISSN 1355-6037
=CAT  \\$a10973$b40$c20111123$lBLL01$h0930
=CAT  \\$a10973$b40$c20111124$lBLL01$h1349
=CAT  \\$aBATCH-TCO$c20120117$lBLL01$h0039
=FMT  \\$a  SE
=LAS  \\$aBATCH-TCO$b00$c20120117$lBLL01$h0039
=TCO  \\$aCLA$bCLA$c008

