=LDR  04985cas a2201069 a 4500
=001  015994399
=003  Uk
=005  20211014105114.0
=006  m\\\\\\\\d\\\\\\\\
=007  cr\|||||||||||
=008  111219c20129999xxuuu\p\o\\\\\0\\\a0eng\\
=015  \\$aGBB5C3179$2bnb
=022  \\$a2163-0763
=037  \\$aISSN_21630755$bPortico$nLippincott Williams & Wilkins
=040  \\$aUk$beng$cUk$dUk
=042  \\$aukblsr
=082  04$a617.026$223
=222  \4$aThe journal of trauma and acute care surgery$b(Online)
=245  00$aJournal of trauma and acute care surgery$h[electronic resource].
=260  \\$a[United States] :$bLippincott Williams & Wilkins
=336  \\$atext$2rdacontent
=337  \\$acomputer$2rdamedia
=338  \\$aonline resource$2rdacarrier
=362  0\$aVol. 72 (1) (Jan. 2012)-
=500  \\$aTitle from table of contents page (Ovid, viewed Jan. 24, 2012).
=530  \\$aAlso issued in print.
=538  \\$aMode of access: World Wide Web.
=540  \\$aCurrent copyright fee: GBP39.00$c20\0$5Uk
=588  \\$aLatest issue consulted: volume 79, issue 3 (September 2015) (Publisher's Web site, viewed September 11, 2015).
=590  \\$aUnavailable for ingest. Title purchased with no perpetual access.
=650  \0$aSurgical intensive care$vPeriodicals.
=650  \0$aSurgical emergencies$vPeriodicals.
=650  \0$aWounds and injuries$xSurgery$vPeriodicals.
=780  00$tJournal of trauma, injury, infection and critical care (Online)
=787  0\$tTrauma surgery & acute care open$x2397-5776
=852  41$aBritish Library$bHMNTS$jELD Digital store$3Volume 78:Issue 1(2015:Jan.)-***Previous issues available in print copy
=852  41$aBritish Library$bDSC$j5070.510500$3Volume 79:Number 3(2015)-
=856  \\$31850-9999$uhttp://journals.lww.com$xBLDSS
=856  4\$ujtrauma.com
=856  40$uhttp://journals.lww.com/jtrauma/pages/default.aspx
=856  40$uhttp://ovidsp.tx.ovid.com/sp-3.5.0b/ovidweb.cgi?&S=NEIKFPIGHGDDBOHLNCALMDIBGLDKAA00&Browse=Toc+Children%7cNO%7cS.sh.2697_1327404888_15.2697_1327404888_27.2697_1327404888_28%7c273%7c50
=859  \\$aELD$bejournal
=945  \\$aJournal of trauma and acute care surgery
=959  \\$fCurrently received
=985  \\$aUS would regard this as a C/T from "Journal of trauma (Online) ISSN 1529-8809 as they have treated "Journal of trauma, injury, infection and critical care" as a minor C/T.
=985  \\$aIf US ISSN Centre assigns new ISSN to this title, the MNI will need amending.
=ACF  \\$aPrevious copyright fee: GBP27.65$c20\0$e19-dec-2011$fGBP27.65$g0$hP$5Uk
=ACF  \\$aPrevious copyright fee: GBP36.77$c20\0$e07-may-2012$fGBP36.77$g0$hP$5Uk
=ACF  \\$aPrevious copyright fee: GBP34.55$c20\0$e01-jul-2012$fGBP34.55$g0$hP$5Uk
=ACF  \\$aPrevious copyright fee: GBP35.63$c20\0$e01-jan-2013$fGBP35.63$g0$hP$5Uk
=ACF  \\$aPrevious copyright fee: GBP36.77$c20\0$e01-jul-2013$fGBP36.77$g0$hP$5Uk
=ACF  \\$aPrevious copyright fee: GBP35.63$c20\0$e01-jan-2014$fGBP35.63$g0$hP$5Uk
=ACF  \\$aPrevious copyright fee: GBP34.55$c20\0$e01-jul-2014$fGBP34.55$g0$hP$5Uk
=ACF  \\$aPrevious copyright fee: GBP36.77$c20\0$e01-apr-2015$fGBP36.77$g0$hP$5Uk
=ACF  \\$aPrevious copyright fee: GBP38.00$c20\0$e01-jul-2015$fGBP38.00$g0$hP$5Uk
=CAT  \\$a8464$b40$c20111219$lBLL01$h1440
=CAT  \\$a8483$b40$c20130305$lBLL01$h0930
=CAT  \\$aBATCH-UPD$b40$c20130522$lBLL01$h1716
=CAT  \\$a12654$b40$c20130625$lBLL01$h1615
=CAT  \\$aIPL-CLA$c20130701$lBLL01$h0149
=CAT  \\$aBATCH-UPD$b00$c20131119$lBLL01$h2012
=CAT  \\$aIPL-CLA$c20140101$lBLL01$h0154
=CAT  \\$aBATCH-UPD$b00$c20140527$lBLL01$h2030
=CAT  \\$aBATCH-CLA$c20140528$lBLL01$h1811
=CAT  \\$aIPL-CLA$c20140630$lBLL01$h1755
=CAT  \\$aWR14_140$c20140905$lBLL01$h1824
=CAT  \\$aBLDSS-3PM$b00$c20141116$lBLL01$h1731
=CAT  \\$aBATCH-UPD$b00$c20150219$lBLL01$h1724
=CAT  \\$aIPL-CLA$c20150331$lBLL01$h1717
=CAT  \\$aBATCH-UPD$b00$c20150520$lBLL01$h1734
=CAT  \\$a11433$b40$c20150527$lBLL01$h1159
=CAT  \\$aIPL-CLA$c20150630$lBLL01$h1716
=CAT  \\$aBATCH-UPD$b00$c20150820$lBLL01$h1827
=CAT  \\$a10973$b40$c20150911$lBLL01$h1427
=CAT  \\$aIPL-CLA$c20150930$lBLL01$h1844
=CAT  \\$aBATCH-UPD$b00$c20160217$lBLL01$h1715
=CAT  \\$aIPL-CLA$c20160331$lBLL01$h1807
=CAT  \\$aBATCH-UPD$b00$c20160524$lBLL01$h2159
=CAT  \\$aBATCH-UPD$b00$c20160524$lBLL01$h2304
=CAT  \\$aW1711-1005$c20171206$lBLL01$h1824
=CAT  \\$a11205$b40$c20211014$lBLL01$h1051
=CFI  0\$aCurrent copyright fee: GBP39.00$c20\0$e01-apr-2016$fGBP39.00$g0$hP$5Uk
=CFI  2\$aPrevious copyright fee: GBP36.77$c20\0$e01-oct-2015$fGBP36.77$g0$hP$5Uk
=EST  \\$a1
=FFP  \\$aY$bBLDSS-3PM
=FIN  \\$aY$d20120124
=FMT  \\$a  SE
=LAS  \\$a11205$b40$c20211014$lBLL01$h1051
=MNI  \\$a2163-0755
=TCO  \\$aZZZ$c008
=TOC  \\$aETOC
=UNO  \\$aY

