=LDR  02530 as a2200541 a 4500
=001  015994680
=003  Uk
=005  20170206134253.0
=007  ta
=008  090130c20089999rm\fr\p\\\\\\\0\\\a0eng\\
=022  \\$a1843-5262$l1843-5262$226
=035  \\$a(OCoLC)300454643
=040  \\$aIWA$cIWA$dIWA$dAGL$dOCLCQ$dUk
=042  \\$aukblsr
=070  0\$aSF1$b.I53
=072  \0$aL100
=072  \0$aL200
=082  04$a630$223
=210  1\$aBul. Univ. Agric. Sci. Vet. Med. Cluj-Napoca, Animal Sci. Biotechnol.$b(Print)
=222  \0$aBulletin of University of Agricultural Sciences and Veterinary Medicine Cluj-Napoca. Animal Science and Biotechnologies$b(Print)
=245  00$aBulletin of University of Agricultural Sciences and Veterinary Medicine Cluj-Napoca.$pAnimal science and biotechnologies.
=246  3\$aBulletin UASVM animal science and biotechnologies
=246  30$aAnimal science and biotechnologies
=260  \\$aCluj-Napoca, Romania :$bAcademicPres
=310  \\$aSemiannual
=336  \\$atext$2rdacontent
=337  \\$aunmediated$2rdamedia
=338  \\$avolume$2rdacarrier
=362  0\$aVol. 65, issue 1/2 (2008)-
=515  \\$aSome no. issued in combined form.
=530  \\$aAlso issued online
=588  \\$aLatest issue consulted: Vol. 68, issue 1/2 (2011).
=650  \0$aAnimal culture$vPeriodicals.
=650  \0$aAgricultural biotechnology$vPeriodicals.
=710  2\$aUniversitatea de Științe Agricole și Medicină Veterinară Cluj-Napoca.
=776  08$iCD-ROM version:$tBulletin of University of Agricultural Sciences and Veterinary Medicine Cluj-Napoca. Animal science and biotechnologies$x2457-1423
=776  1\$tBulletin of University of Agricultural Sciences and Veterinary Medicine Cluj-Napoca. Animal Science and Biotechnologies$c(Online)$x1843-536X
=780  00$tBuletinul Universității de Științe Agricole și Medicină Veterinară Cluj-Napoca. Seria Zootehnie și biotenologii
=852  41$aBritish Library$bHMNTS$jZD.9.b.1536$3Vol. 68, no. 1/2 (2011)- v. 72, no. 1 (2015)
=985  \\$aPublisher has replied to claim that print has ceased, but ISSN record has additional physical format for print & no other evidence that print has ceased - unsure; bib rec left open for now.
=CAT  \\$a8483$b40$c20111220$lBLL01$h0933
=CAT  \\$aBATCH-TCO$c20120117$lBLL01$h0039
=CAT  \\$a3072$b40$c20170206$lBLL01$h1342
=FIN  \\$aY$d20111220
=FMT  \\$a  SE
=LAS  \\$a3072$b40$c20170206$lBLL01$h1342
=SID  \\$aZ39$bOCLC
=TCO  \\$aXXX$c008

