=LDR  02119 as a2200565 a 4500
=001  016001983
=003  Uk
=005  20160816154052.0
=006  m\\\\\\\\d\|\\\\\\
=007  cr||||||||||||
=008  120104c20119999enktr\p\o\\\\\0\\\a0eng\\
=015  \\$aGBB200263$2bnb
=022  0\$y2191-7442
=037  \\$a21917442$bIngenta$nHart
=040  \\$aUk$beng$cUk
=042  \\$aukblsr
=082  04$a345.24005$223
=245  00$aEuropean criminal law review$h[electronic resource] :$bEuCLR.
=246  13$aEuCLR
=260  \\$aOxford :$bHart,$c2011-
=310  \\$aThree issues yearly
=336  \\$atext$2rdacontent
=337  \\$acomputer$2rdamedia
=338  \\$aonline resource$2rdacarrier
=362  0\$aVol. 1, no. 1 (June 2011)-
=500  \\$aTitle from PDF page 1 (viewed Jan. 4, 2012).
=530  \\$aAlso issued in print.
=538  \\$aMode of access: World Wide Web.
=538  \\$aSystem requirements: Adobe Acrobat Reader.
=650  \0$aCriminal law$zEuropean Union countries$vPeriodicals.
=650  \0$aCriminal justice, Administration of$zEuropean Union countries$vPeriodicals.
=852  41$aBritish Library$bHMNTS$jELD Digital store$3Volume 3:Number 1(2013)-Volume 4:Number 3(2014)
=856  40$uhttp://www.ingentaconnect.com/content/hart/euclr
=859  \\$aELD$bejournal
=985  \\$aNot accessible on Web site; p.1-3 (editorial) sent by Acquisitions; print ISSN assigned by Germany; ISSN-UK querying who should assign this one.
=CAT  \\$a3072$b40$c20120104$lBLL01$h1357
=CAT  \\$a3072$b40$c20120105$lBLL01$h0938
=CAT  \\$a3072$b40$c20120105$lBLL01$h0947
=CAT  \\$a3072$b40$c20120105$lBLL01$h1356
=CAT  \\$aBATCH-TCO$c20120117$lBLL01$h0038
=CAT  \\$aBATCH-859E$c20140107$lBLL01$h0310
=CAT  \\$aWR15_120$c20150910$lBLL01$h1826
=CAT  \\$a11450$b40$c20160606$lBLL01$h0933
=CAT  \\$a11450$b40$c20160816$lBLL01$h1540
=CAT  \\$aW1711-1005$c20171206$lBLL01$h1824
=FIN  \\$aY$d20120105
=FMT  \\$a  SE
=LAS  \\$aW1711-1005$b00$c20171206$lBLL01$h1824
=LET  \0$aEuropean criminal law review (Electronic)
=TCO  \\$aCLA$bCLA$c008

