=LDR  05700cas a2201213 a 4500
=001  016006527
=003  Uk
=005  20221231145115.0
=006  m\\\\\\\\d\\\\\\\\
=007  cr|un|||||||||
=008  050616c19539999paubr\p\o\b\\\0\\\a0eng\d
=010  \\$a2009203507
=015  \\$aGBB611993$2bnb
=022  0\$a2152-405X$y0037-7996$21
=035  \\$a(OCoLC)60652539$z(OCoLC)50627325$z(OCoLC)173438039$z(OCoLC)606365702
=037  \\$aISSN_00377996$bPortico$nTaylor & Francis
=040  \\$aOCLCS$beng$cOCLCS$dOCLCG$dOCLCQ$dDLC$dBUF$dNSD$dCUD$dUV0$dTXJ$dQE2$dOCLCE$dUk
=042  \\$ansdp$aukblsr
=050  14$aD16.3$b.S65
=082  10$a300.71$223
=130  0\$aSocial studies (Philadelphia, Pa. : 1953 : Online)
=222  \4$aThe Social studies$b(Philadelphia, Pa. Online)
=245  14$aThe Social studies$h[electronic resource].
=260  \\$aPhiladelphia :$bMcKinley Pub. Co.
=260  2\$a[S.l.] :$bTaylor & Francis
=264  31$aPhiladelphia, PA :$bRoutledge, Taylor & Francis Group
=310  \\$aSix times a year
=336  \\$atext$2rdacontent
=337  \\$acomputer$2rdamedia
=338  \\$aonline resource$2rdacarrier
=362  1\$aPrint began with Vol. 44, no. 6 (Oct. 1953).
=530  \\$aAlso issued in print.
=538  \\$aMode of access: World Wide Web.
=540  \\$aCurrent copyright fee: GBP37.00$c2\0$5Uk
=580  \\$aOriginal print version of this title was preceded by an earlier title called: Social studies for teachers and administrators.
=588  \\$aDescription based on: Vol. 44, issue 1 (1953); title from caption (Informaworld website, viewed Sept. 8, 2010).
=588  \\$aLatest issue consulted: Volume 107, issue 1 (2016) (Taylor & Francis Online, viewed January 25, 2016).
=650  \0$aHistory$xStudy and teaching$vPeriodicals.
=650  \0$aSocial sciences$xStudy and teaching$vPeriodicals.
=650  \6$aSciences sociales$xÉtude et enseignement$vPériodiques.
=650  \6$aHistoire$xÉtude et enseignement$vPériodiques.
=710  2\$aAmerican Historical Association.
=710  2\$aNational Board for Historical Service.
=710  2\$aNational Council for the Social Studies.
=776  1\$tSocial studies (Philadelphia, Pa : 1953)$x0037-7996
=852  41$aBritish Library$bDSC$j8318.209000$3Volume 102:Issue 2(2011)-Volume 105:Issue 6(2014)***See ESTAR for full holdings.
=852  41$aBritish Library$bHMNTS$jELD Digital store$3Volume 107:Issue 1(2016)-
=856  \\$31850-9999$uhttp://www.tandfonline.com/$xBLDSS
=856  40$uhttp://www.informaworld.com/VTSS
=856  40$uhttp://www.tandfonline.com/toc/vtss20/current
=856  40$uhttp://www.heldref.org/html/body%5Ftss.html$zLink no longer valid
=859  \\$aELD$bejournal
=945  \\$aSocial studies -Brooklyn New Jersey then Washington-
=959  \\$fHeld but not currently received
=979  \\$aBritish Library$bDSC$j8318.209000
=985  \\$aISSN Portal record for online version takes no account of brief C/T that print version underwent & so cites start date as 1934.
=ACF  \\$aPrevious copyright fee: GBP23.00$c2\0$e12-jan-2012$fGBP23.00$g0$hP$5Uk
=ACF  \\$aPrevious copyright fee: GBP23.50$c2\0$e01-jan-2013$fGBP23.50$g0$hP$5Uk
=ACF  \\$aPrevious copyright fee: GBP24.00$c2\0$e01-jan-2014$fGBP24.00$g0$hP$5Uk
=ACF  \\$aPrevious copyright fee: GBP25.00$c2\0$e01-jan-2015$fGBP25.00$g0$hP$5Uk
=ACF  \\$aPrevious copyright fee: GBP26.00$c2\0$e01-jan-2016$fGBP26.00$g0$hP$5Uk
=ACF  \\$aPrevious copyright fee: GBP28.00$c2\0$e01-jan-2017$fGBP28.00$g0$hP$5Uk
=ACF  \\$aPrevious copyright fee: GBP30.00$c2\0$e01-jan-2018$fGBP30.00$g0$hP$5Uk
=ACF  \\$aPrevious copyright fee: GBP32.00$c2\0$e01-jan-2019$fGBP32.00$g0$hP$5Uk
=ACF  \\$aPrevious copyright fee: GBP34.00$c2\0$e01-jan-2020$fGBP34.00$g0$hP$5Uk
=CAT  \\$a12500$b40$c20120112$lBLL01$h1132
=CAT  \\$aCDS15-UPD$b40$c20141130$lBLL01$h1854
=CAT  \\$aIPL-CLA$c20141231$lBLL01$h1702
=CAT  \\$aBATCH-UPD$b00$c20151119$lBLL01$h1546
=CAT  \\$a14412$b40$c20151205$lBLL01$h1216
=CAT  \\$aIPL-CLA$c20151231$lBLL01$h1934
=CAT  \\$a14448$b40$c20160120$lBLL01$h1201
=CAT  \\$a10973$b40$c20160125$lBLL01$h0831
=CAT  \\$a11433$b40$c20160418$lBLL01$h1606
=CAT  \\$aBATCH-UPD$b40$c20160720$lBLL01$h2205
=CAT  \\$aBATCH-UPD$b40$c20161122$lBLL01$h1515
=CAT  \\$aIPL-CLA$c20161230$lBLL01$h2359
=CAT  \\$aBATCH-UPD$b00$c20171121$lBLL01$h1650
=CAT  \\$aW1711-1005$c20171206$lBLL01$h1824
=CAT  \\$aIPL-CLA$c20171231$lBLL01$h1811
=CAT  \\$a10983$b40$c20180110$lBLL01$h0810
=CAT  \\$aBATCH-UPD$b40$c20181217$lBLL01$h1640
=CAT  \\$aIPL-CLA$c20181231$lBLL01$h1551
=CAT  \\$aBATCH-UPD$b00$c20191122$lBLL01$h1902
=CAT  \\$aIPL-CLA$c20191231$lBLL01$h2030
=CAT  \\$a5410$b40$c20200228$lBLL01$h0823
=CAT  \\$aBATCH-UPD$b40$c20201118$lBLL01$h1336
=CAT  \\$aIPL-CLA$c20201231$lBLL01$h1532
=CAT  \\$a5410$b40$c20221029$lBLL01$h1132
=CAT  \\$aBATCH-UPD$b40$c20221121$lBLL01$h1349
=CAT  \\$aIPL-CLA$c20221231$lBLL01$h1451
=CFI  0\$aCurrent copyright fee: GBP37.00$c2\0$e01-jan-2023$fGBP37.00$g0$hP$5Uk
=CFI  2\$aPrevious copyright fee: GBP35.00$c2\0$e01-jan-2021$fGBP35.00$g0$hP$5Uk
=EST  \\$a1
=FFP  \\$aY$bBLDSS-3PM
=FIN  \\$aY$d20120207
=FMT  \\$a  SE
=LAS  \\$aIPL-CLA$b00$c20221231$lBLL01$h1451
=LKR  \\$aPAR$b009878873$lBLL01$r776$mThe Social studies (Philadelphia, Pa. Online)$nThe social studies : a periodical for teachers and administrators.
=MNI  \\$a0037-7996
=SID  \\$aZ39$bOCLC
=TCO  \\$aZZZ$c008
=TCO  \\$aTRS$bCCC$c008
=TOC  \\$aETOC

