=LDR  02893 as a2200685 a 4500
=001  016008897
=003  Uk
=005  20180424094614.0
=007  ta
=008  111205d20102011lu\ar\\\\\s\\i0\\\a0eng\d
=016  7\$a2640174-5$2DE-600
=022  \\$y1977-2343
=035  \\$a(OCoLC)758988148
=035  \\$a(OCoLC)767572889
=040  \\$aUk$beng$cUk$dUk
=042  \\$aukblsr
=043  \\$ae------
=082  04$a338.1094021$223
=245  00$aAgriculture and fishery statistics :$bmain results ... /$cEuropean Commission.
=260  \\$aLuxembourg :$bPublications Office of the European Union,$c2011.
=300  \\$a1 v. :$bcol. ill., col. maps ;$c21 cm.
=310  \\$aAnnual
=336  \\$atext$2rdacontent
=337  \\$aunmediated$2rdamedia
=338  \\$avolume$2rdacarrier
=362  0\$a2011 ed. (2010/2011).
=490  0\$aEurostat pocketbooks
=490  0\$aTheme: agriculture and fisheries
=540  \\$aCurrent copyright fee: zero$c0$5Uk
=580  \\$aMerged with: Forestry statistics, to become: Agriculture, fishery and forestry statistics.
=650  \0$aAgriculture$zEuropean Union countries$xStatistics$vPeriodicals.
=650  \0$aFisheries$zEuropean Union countries$xStatistics$vPeriodicals.
=650  \0$aFishing$zEuropean Union countries$xStatistics$vPeriodicals.
=690  7\$aManagement and Business Studies$2blcoll
=710  2\$aStatistical Office of the European Communities.
=710  2\$aOffice for Official Publications of the European Communities.
=780  04$sAgricultural statistics (European Commission)$x1830-463X
=780  04$sFishery statistics (Luxembourg, Luxembourg)$x1830-5075
=785  17$tForestry statistics (Luxembourg, Luxembourg)
=785  17$tAgriculture, fishery and forestry statistics
=852  41$aBritish Library$bDSC$j0759.391000$32011
=852  41$aBritish Library$bHMNTS$jOPD.9.x.282
=945  \\$aAgriculture and fishery statistics
=959  \\$fHeld but not currently received
=985  \\$aPublication quotes ISSN 1977-2262 but this has not been verified (Category 'Free' on Portal, checked 05/01/12)
=CAT  \\$a12025$b40$c20120117$lBLL01$h1050
=CAT  \\$a12025$b40$c20120117$lBLL01$h1120
=CAT  \\$a12025$b40$c20120117$lBLL01$h1441
=CAT  \\$a8483$b40$c20130405$lBLL01$h0912
=CAT  \\$a8323$b40$c20130405$lBLL01$h1601
=CAT  \\$aBATCH-MBS$c20130412$lBLL01$h2117
=CAT  \\$a6558$b40$c20180424$lBLL01$h0946
=CFI  0\$aCurrent copyright fee: zero$c0$e11-jan-2011$fGBP0.00$g0$hZ$5Uk
=FIN  \\$aY$d20120105
=FMT  \\$a  SE
=LAS  \\$a6558$b40$c20180424$lBLL01$h0946
=LET  \0$aAgriculture and fishery statistics main results pocketbook
=LKR  \\$aPAR$b014106461$lBLL01$r78004$mAgriculture and fishery statistics$nFishery statistics
=LKR  \\$aPAR$b013836487$lBLL01$r78004$mAgriculture and fishery statistics$nAgricultural statistics
=SID  \\$aZ39$bOCLC

