=LDR  03610cas a2200865 a 4500
=001  016017451
=003  Uk
=005  20120207092445.0
=007  ta
=008  120127c198u9999enkwr\n\\\\\\\0\\\a0eng\\
=015  \\$aGBB208399$2bnb
=022  0\$a0965-3988
=040  \\$aUk$beng$cUk$dUk
=042  \\$aukblsr
=082  04$a306.7$222
=130  0\$aSunday sport (Sport Newspapers)
=222  \0$aSunday sport
=245  10$aSunday sport.
=260  \\$aLondon :$bSport Newspapers
=260  3\$315 May 2011-$aManchester :$bSunday Sport (2011) Ltd
=300  \\$av. :$bcol. ill., col. ports. ;$c36 cm.
=310  \\$aWeekly
=336  \\$atext$2rdacontent
=337  \\$aunmediated$2rdamedia
=338  \\$avolume$2rdacarrier
=540  \\$aBritish Library not licensed to copy$c0$5Uk
=588  \\$aDescription based on: Sept. 4, 2011 issue.
=650  \0$aSex$vNewspapers.
=651  \0$aGreat Britain$vNewspapers.
=690  7\$aSocial Welfare$2blcoll
=752  \\$aEngland$dLondon.$2blnpn
=780  00$tSunday sport
=787  0\$tStar Sunday sport
=852  41$32011-$aBritish Library$bNPL$jNEWS.REG1579
=866  \\$aNewspapers :15 May 2011- ; Print issues are not available for conservation reasons where an alternative format exists. See separate record for microfilm holdings.
=985  \\$aISSN Centre note: ISSN records are separate from BL collection records as title changes do not match.
=ACF  \\$aBritish Library not licensed to copy$c0$e01-apr-2012$hC$iCLA Excluded$5Uk
=ACF  \\$aBritish Library not licensed to copy$c0$e01-jul-2012$hC$iCLA Excluded$5Uk
=ACF  \\$aBritish Library not licensed to copy$c0$e01-oct-2012$hC$iCFP Excluded$5Uk
=ACF  \\$aBritish Library not licensed to copy$c0$e01-jul-2013$hC$iCFP Excluded$5Uk
=ACF  \\$aBritish Library not licensed to copy$c0$e01-oct-2013$hC$iCFP Excluded$5Uk
=ACF  \\$aBritish Library not licensed to copy$c0$e01-jan-2014$hC$iCFP Excluded$5Uk
=CAT  \\$a8323$b40$c20120127$lBLL01$h1117
=CAT  \\$a8323$b40$c20120202$lBLL01$h0923
=CAT  \\$aBATCH-SWP$c20120204$lBLL01$h0130
=CAT  \\$a8323$b40$c20120207$lBLL01$h0906
=CAT  \\$a8323$b40$c20120207$lBLL01$h0924
=CAT  \\$aBATCH-CLA$b00$c20120229$lBLL01$h1626
=CAT  \\$aIPL-CLA$c20120330$lBLL01$h1442
=CAT  \\$aBATCH-CLA$b00$c20120531$lBLL01$h1726
=CAT  \\$aIPL-CLA$c20120629$lBLL01$h1042
=CAT  \\$aWR12_095$c20120629$lBLL01$h1843
=CAT  \\$aBATCH-CLA$b00$c20120831$lBLL01$h1555
=CAT  \\$aIPL-CLA$c20120930$lBLL01$h2138
=CAT  \\$aBATCH-CLA$b00$c20121110$lBLL01$h0941
=CAT  \\$aWR12_128$c20121113$lBLL01$h1837
=CAT  \\$aBATCH-CLA$b00$c20130531$lBLL01$h1651
=CAT  \\$aIPL-CLA$c20130701$lBLL01$h0149
=CAT  \\$aBATCH-CLA$b00$c20130830$lBLL01$h1631
=CAT  \\$aIPL-CLA$c20130930$lBLL01$h1813
=CAT  \\$aBATCH-CLA$b00$c20131129$lBLL01$h1704
=CAT  \\$aIPL-CLA$c20140101$lBLL01$h0156
=CAT  \\$aNPL-LOCK$b77$c20140207$lBLL01$h2221
=CAT  \\$c20140214$lBLL01$h1748
=CAT  \\$aBATCH-CLA$b00$c20140228$lBLL01$h1619
=CAT  \\$aIPL-CLA$c20140331$lBLL01$h1640
=CAT  \\$aBATCH-CLA$b00$c20140530$lBLL01$h1716
=CAT  \\$aIPL-CLA$c20140630$lBLL01$h1755
=CFI  0\$aBritish Library not licensed to copy$c0$e01-jul-2014$hC$iCFP Excluded$5Uk
=CFI  2\$aBritish Library not licensed to copy$c0$e01-apr-2014$hC$iCFP Excluded$5Uk
=FIN  \\$aY$d20120127
=FMT  \\$a  SE
=LAS  \\$aIPL-CLA$b00$c20140630$lBLL01$h1755
=LKR  \\$aPAR$b013891340$lBLL01$nSunday sport$mSunday sport (Sport Newspapers)$r78000
=NID  \\$aNID0100333

