=LDR  03571cas a2200865 a 4500
=001  016038337
=003  Uk
=005  20221231231237.0
=007  ta
=008  120228d20122015ja\ar\p\\\\\\\0\\\a0jpn\\
=022  0\$a1883-1974$y1883-1966
=040  \\$aUk$beng$cUk$dUk
=041  1\$aeng$hjpn
=042  \\$aukblsr
=082  04$a004.05$223
=110  2\$aKokuritsu Jōhōgaku Kenkyūjo.
=222  \0$aNII today$b(English ed.)
=240  10$aKokuritsu Jōhōgaku Kenkyūjo nyūsu.$lEnglish
=245  10$aNII today :$bNational Institute of Informatics news.
=246  3\$aNational Institute of Informatics today
=246  30$aNational Institute of Informatics news
=250  \\$aEnglish language ed.
=260  \\$aTokyo :$bNational Institute of Informatics
=300  \\$av. :$bcol. ill., col. ports. ;$c30 cm.
=310  \\$aQuarterly
=336  \\$atext$2rdacontent
=337  \\$aunmediated$2rdamedia
=338  \\$avolume$2rdacarrier
=540  \\$aCurrent Copyright Fee: GBP25.00$c0$5Uk
=546  \\$aTranslation from the Japanese.
=588  \\$aDescription based on: No. 40 (Jan. 2012), which corresponds to no. 54 of the Japanese ed.
=588  \\$aLatest issue consulted: No. 44 (Jan. 2013).
=610  20$aKokuritsu Jōhōgaku Kenkyūjo$vPeriodicals.
=650  \0$aComputer science$vPeriodicals.
=650  \0$aInformation science$vPeriodicals.
=765  0\$tKokuritsu Jōhōgaku Kenkyūjo nyūsu$x1883-1966
=852  41$aBritish Library$bDSC$j6113.166025$3No. 43 (2012)-no. 53 (2015)
=945  \\$aNII today
=959  \\$fHeld but not currently received
=985  \\$aEnglish ed. of Kokuritsu Johogaku Kenkyujo nyusu (ISSN 1883-1966).
=ACF  \\$aPrevious copyright fee: GBP12.00$c0$e12-mar-2013$fGBP12.00$g0$hA$5Uk
=ACF  \\$aPrevious Copyright Fee: GBP12.30$c0$e01-jan-2014$fGBP12.30$g0$hA$5Uk
=ACF  \\$aPrevious Copyright Fee: GBP15.00$c0$e01-jan-2017$fGBP15.00$g0$hA$5Uk
=ACF  \\$aPrevious Copyright Fee: GBP17.50$c0$e01-jan-2018$fGBP17.50$g0$hA$5Uk
=ACF  \\$aPrevious Copyright Fee: GBP20.00$c0$e01-jan-2020$fGBP20.00$g0$hA$5Uk
=CAT  \\$a11205$b40$c20120228$lBLL01$h1215
=CAT  \\$a8124$b40$c20130227$lBLL01$h1504
=CAT  \\$a8124$b40$c20130305$lBLL01$h1118
=CAT  \\$a8124$b40$c20130307$lBLL01$h0755
=CAT  \\$a8124$b40$c20130312$lBLL01$h0740
=CAT  \\$a11385$b40$c20130312$lBLL01$h0920
=CAT  \\$aBATCH-CLA$c20131220$lBLL01$h2116
=CAT  \\$aIPL-CLA$c20140101$lBLL01$h0157
=CAT  \\$a11385$b40$c20151216$lBLL01$h1544
=CAT  \\$aBATCH-CLA$b00$c20161222$lBLL01$h1834
=CAT  \\$aIPL-CLA$c20161231$lBLL01$h0001
=CAT  \\$aBATCH-CLA$b00$c20171222$lBLL01$h2210
=CAT  \\$aIPL-CLA$c20171231$lBLL01$h1812
=CAT  \\$a8874$b40$c20191111$lBLL01$h1025
=CAT  \\$a8874$b40$c20191111$lBLL01$h1026
=CAT  \\$a8874$b40$c20191111$lBLL01$h1056
=CAT  \\$aBATCH-CLA$b00$c20191219$lBLL01$h1757
=CAT  \\$aIPL-CLA$c20191231$lBLL01$h2030
=CAT  \\$aR2001-1524$c20200127$lBLL01$h2056
=CAT  \\$aBATCH-CLA$b00$c20201204$lBLL01$h1608
=CAT  \\$aIPL-CLA$c20201231$lBLL01$h2331
=CAT  \\$a6490$b40$c20210907$lBLL01$h1012
=CAT  \\$aBATCH-CLA$b00$c20221221$lBLL01$h1924
=CAT  \\$aIPL-CLA$c20221231$lBLL01$h2312
=CFI  0\$aCurrent Copyright Fee: GBP25.00$c0$e01-jan-2023$fGBP25.00$g0$hA$5Uk
=CFI  2\$aPrevious Copyright Fee: GBP22.50$c0$e01-jan-2021$fGBP22.50$g0$hA$5Uk
=FIN  \\$aY$d20120228
=FMT  \\$a  SE
=LAS  \\$aIPL-CLA$b00$c20221231$lBLL01$h2312
=LET  \0$aNII today (English ed.)

