=LDR  04182cas a2200949 a 4500
=001  016042349
=003  Uk
=005  20221231145125.0
=006  m\\\\\\\\d\|\\\\\\
=007  cr||||||||||||
=008  120302d20072017enkqr\p\s\\\\\0\\\a0eng\\
=015  \\$aGBB5H2265$2bnb
=022  0\$a2049-8535
=037  \\$aISSN_1754730X$bPortico$nTaylor & Francis
=040  \\$aUk$beng$cUk$dUk
=042  \\$aukblsr
=082  04$a371.71305$223
=222  \0$aAdvances in school mental health promotion$b(Online)
=245  00$aAdvances in school mental health promotion$h[electronic resource].
=260  \\$aStafford :$bClifford Beers Foundation, in collaboration with the University of Maryland School of Medicine
=264  31$aAbingdon :$bTaylor & Francis
=310  \\$aQuarterly
=336  \\$atext$2rdacontent
=337  \\$acomputer$2rdamedia
=338  \\$aonline resource$2rdacarrier
=362  0\$a-volume 10, issue 4 (2017).
=540  \\$aCurrent copyright fee: GBP46.00$c2\0$5Uk
=588  \\$aDescription based on: Vol. 0, No. 1, (Oct. 2007) Inaugural issue (IngentaConnect, viewed Mar. 2, 2012).
=588  \\$aFinal issue consulted (Taylor & Francis Online, viewed October 6, 2021).
=650  \0$aSchool children$xMental health$vPeriodicals.
=690  7\$aSocial Welfare$2blcoll
=710  2\$aClifford Beers Foundation.
=710  2\$aUniversity of Maryland, Baltimore.$bSchool of Medicine.
=710  2\$aInternational Alliance for Child and Adolescent Mental Health and Schools.
=776  0\$tAdvances in school mental health promotion$x1754-730X
=852  41$aBritish Library$bSTI$jELD Digital store$3Volume 9:Issue 1(2016)-Volume 10:Issue 4(2017)***Previous issues available in print copy
=856  \\$31850-9999$uhttp://www.tandfonline.com/$xBLDSS
=856  40$uhttp://www.ingentaconnect.com/content/cbf/asmhp
=856  40$uhttp://www.tandfonline.com/loi/RASM
=859  \\$aELD$bejournal
=945  \\$aAdvances in school mental health promotion
=979  \\$aBritish Library$bDSC$j0711.381500N
=985  \\$aISSN responsbility transferred to United States ISSN Center, February 24 2015.
=ACF  \\$aPrevious copyright fee: GBP34.00$c2\0$e04-mar-2016$fGBP34.00$g0$hP$5Uk
=ACF  \\$aPrevious copyright fee: GBP36.00$c2\0$e01-jan-2017$fGBP36.00$g0$hP$5Uk
=ACF  \\$aPrevious copyright fee: GBP38.00$c2\0$e01-jan-2018$fGBP38.00$g0$hP$5Uk
=ACF  \\$aPrevious copyright fee: GBP40.00$c2\0$e01-jan-2019$fGBP40.00$g0$hP$5Uk
=ACF  \\$aPrevious copyright fee: GBP42.00$c2\0$e01-jan-2020$fGBP42.00$g0$hP$5Uk
=CAT  \\$a11316$b40$c20120302$lBLL01$h1500
=CAT  \\$a10806$b40$c20151203$lBLL01$h1359
=CAT  \\$a10806$b40$c20151203$lBLL01$h1402
=CAT  \\$a10806$b40$c20151203$lBLL01$h1403
=CAT  \\$a8037$b40$c20160120$lBLL01$h1435
=CAT  \\$a5552$b40$c20160304$lBLL01$h1213
=CAT  \\$aBLDSS-3PM$b00$c20160308$lBLL01$h0937
=CAT  \\$aBATCH-UPD$b00$c20160413$lBLL01$h1826
=CAT  \\$aBATCH-UPD$b00$c20160620$lBLL01$h0224
=CAT  \\$a5552$b40$c20161006$lBLL01$h0903
=CAT  \\$a5410$b40$c20161121$lBLL01$h1528
=CAT  \\$aBATCH-UPD$b40$c20161122$lBLL01$h1501
=CAT  \\$aIPL-CLA$c20161231$lBLL01$h0001
=CAT  \\$a5410$b40$c20171107$lBLL01$h0901
=CAT  \\$aBATCH-UPD$b40$c20171121$lBLL01$h1640
=CAT  \\$aW1711-1005$c20171206$lBLL01$h1824
=CAT  \\$aIPL-CLA$c20171231$lBLL01$h1812
=CAT  \\$aBATCH-UPD$b00$c20181217$lBLL01$h1648
=CAT  \\$aIPL-CLA$c20181231$lBLL01$h1552
=CAT  \\$aBATCH-UPD$b00$c20191122$lBLL01$h1910
=CAT  \\$aIPL-CLA$c20191231$lBLL01$h2030
=CAT  \\$aBATCH-UPD$b00$c20201118$lBLL01$h1345
=CAT  \\$aIPL-CLA$c20201231$lBLL01$h1532
=CAT  \\$a8483$b40$c20211006$lBLL01$h0829
=CAT  \\$aBATCH-UPD$b40$c20221121$lBLL01$h1335
=CAT  \\$aIPL-CLA$c20221231$lBLL01$h1451
=CFI  0\$aCurrent copyright fee: GBP46.00$c2\0$e01-jan-2023$fGBP46.00$g0$hP$5Uk
=CFI  2\$aPrevious copyright fee: GBP44.00$c2\0$e01-jan-2021$fGBP44.00$g0$hP$5Uk
=FFP  \\$aY$bBLDSS-3PM
=FIN  \\$aY$d20120302
=FMT  \\$a  SE
=LAS  \\$aIPL-CLA$b00$c20221231$lBLL01$h1451
=MNI  \\$a1754-760X
=TOC  \\$aETOC

