=LDR  01620cas a2200445 i 4500
=001  016042355
=003  Uk
=005  20220509141147.0
=007  ta
=008  120302c20129999enkbr\p\\\\\\\0\\\a0eng\\
=015  \\$aGBB344766$2bnb
=022  \\$a2049-6893
=040  \\$aUk$beng$cUk$erda
=042  \\$aukblsr
=082  04$a362.19683$223
=222  \0$aAustralian journal of dementia care
=245  00$aAustralian journal of dementia care :$bfor all who work with people with dementia.
=264  \1$aLondon :$bHawker Publications,$c[2012]-
=300  \\$billustrations (colour) ;$c30 cm
=310  \\$aBimonthly
=336  \\$atext$2rdacontent
=337  \\$aunmediated$2rdamedia
=338  \\$avolume$2rdacarrier
=362  1\$aBegan with vol 1, no. 1 (June/July 2012).
=588  \\$aDescription based on: volume 1, number 2 (August/September 2012).
=650  \0$aDementia$xPatients$xCare$vPeriodicals.
=650  \0$aDementia$xPatients$xCare$zAustralia$vPeriodicals.
=690  7\$aSocial Welfare$2blcoll
=852  41$aBritish Library$bHMNTS$jZK.9.b.33250$3Vol. 1, no. 2 (Aug./Sep. 2012)
=985  \\$aISSN transferred to ISSN AUS - now published by University of Wollongong (Richard, 09/05/22)
=CAT  \\$a7152$b40$c20120302$lBLL01$h1507
=CAT  \\$a8483$b40$c20130502$lBLL01$h1418
=CAT  \\$a8483$b40$c20130507$lBLL01$h0843
=CAT  \\$a8483$b40$c20130628$lBLL01$h1134
=CAT  \\$aBATCH-SWP$c20141212$lBLL01$h2319
=CAT  \\$a10806$b40$c20220509$lBLL01$h1119
=CAT  \\$a10806$b40$c20220509$lBLL01$h1411
=FIN  \\$aY$d20130502
=FMT  \\$a  SE
=LAS  \\$a10806$b40$c20220509$lBLL01$h1411

