=LDR  02991aas a2200709 i 4500
=001  016061356
=003  Uk
=005  20160314075042.0
=006  m\\\\\\\\d\|\\\\\\
=007  cr||||||||||||
=008  120402d20082014xxuar\p\s\\\\\0\\\a0eng\\
=015  \\$aGBB350588$2bnb
=022  0\$a2049-9280
=037  \\$aISSN_20499280$bPortico$nWiley
=040  \\$aUk$beng$cUk$erda
=042  \\$aukblsr
=082  04$a331.12$223
=222  \0$aWorld of work report$b(Online)
=245  00$aWorld of work report ... /$cInternational Labour Organization, International Institute for Labour Studies.
=264  \1$aGeneva :$bInternational Labour Office, International Institute for Labour Studies
=264  \2$a[Malden, MA] :$bJohn Wiley & Sons Inc
=310  \\$aAnnual
=336  \\$atext$2rdacontent
=337  \\$acomputer$2rdamedia
=338  \\$aonline resource$2rdacarrier
=362  1\$aPrint began in 2008.
=588  \\$aDescription based on: 2012 report; title from pdf (publisher's Web site, viewed May 22, 2012).
=650  \0$aLabor policy$vPeriodicals.
=650  \0$aLabor market$vPeriodicals.
=690  7\$aManagement and Business Studies$2blcoll
=690  7\$aSocial Welfare$2blcoll
=710  2\$aInternational Labour Organization.
=710  2\$aInternational Institute for Labour Studies.
=776  08$iAlso issued in print as:$tWorld of work report$x2049-9272
=785  00$tWorld employment and social outlook$x2059-3031
=852  41$aBritish Library$bHMNTS$jELD Digital store$3Issue 1(2013)-Issue 1(2017)***Previous issues available in print copy
=856  40$uhttp://www.ilo.org/global/research/global-reports/world-of-work/lang--en/index.htm
=856  40$ahttp://onlinelibrary.wiley.com/journal/10.1002/(ISSN)2049-9280
=859  \\$aELD$bejournal
=985  \\$aISSN UK: ISSN 2049-9280 transferred to International ISSN Centre PRIOR to completion - see 2012 IC correspondence file for further details (RB, 16/07/12)
=CAT  \\$a11313$b40$c20120402$lBLL01$h0912
=CAT  \\$a7152$b40$c20120425$lBLL01$h1346
=CAT  \\$a10806$b40$c20120716$lBLL01$h1440
=CAT  \\$a10806$b40$c20120716$lBLL01$h1445
=CAT  \\$a10806$b40$c20120716$lBLL01$h1457
=CAT  \\$a10806$b40$c20120718$lBLL01$h1149
=CAT  \\$a5997$b40$c20130522$lBLL01$h1048
=CAT  \\$a5997$b40$c20130522$lBLL01$h1049
=CAT  \\$a5997$b40$c20130522$lBLL01$h1104
=CAT  \\$a5997$b40$c20130523$lBLL01$h0725
=CAT  \\$aBATCH-MBS$c20130531$lBLL01$h2117
=CAT  \\$aBATCH-SWP$c20130531$lBLL01$h2318
=CAT  \\$aWR13.114$c20130717$lBLL01$h1315
=CAT  \\$aBATCH-PORT$c20130829$lBLL01$h1114
=CAT  \\$aWR14_009$c20140204$lBLL01$h2342
=CAT  \\$a11313$b40$c20160314$lBLL01$h0750
=CAT  \\$aW1711-1005$c20171206$lBLL01$h1824
=FIN  \\$aY$d20130522
=FMT  \\$a  SE
=LAS  \\$aW1711-1005$b00$c20171206$lBLL01$h1824
=LKR  \\$aPAR$b015733412$lBLL01$nWorld of work report (Print)$mWorld of work report (Online)$r776
=MNI  \\$a2049-9272

