=LDR  02564 as a2200577 a 4500
=001  016067291
=003  Uk
=005  20120417102635.0
=006  m\\\\\\\\d\\\\\\\\
=007  co|ugu||||||||
=008  060629c20039999sp\ar\\ss\\\\\0\\\\0spa\\
=010  \\$a2006203850
=022  \\$a1698-742X
=035  \\$a(OCoLC)ocm71300313
=040  \\$aDLC$cDLC$dDLC$dOCoLC$dUk
=041  0\$aspa$aeng
=042  \\$aukblsr
=043  \\$ae-sp---
=050  00$aD861
=082  04$a909.83105$223
=245  00$aAnálisis, documentos de trabajo, publicaciones$h[electronic resource] =$bAnalyses, working papers, publications /$cReal Instituto Elcano de Estudios Internacionales y Estratégicos.
=246  31$aAnalyses, working papers, publications
=246  1\$iIssue for <2003/2011> has title:$aAnálisis (ARI) documentos de trabajo, publicaciones
=246  1\$iIssue for <2003/2011> has title:$aAnalyses (ARI) working papers, publications
=260  \\$a[Madrid] :$bReal Instituto Elcano de Estudios Internacionales y Estratégicos
=300  \\$aoptical discs ;$c4 3/4 in.
=310  \\$aAnnual
=336  \\$atext$2rdacontent
=337  \\$acomputer$2rdamedia
=338  \\$acomputer disc$2rdacarrier
=362  1\$aBegan with issue for 2003/2004.
=500  \\$aDescription based on: Año 2 (2004/2005); title from disc label.
=538  \\$aSystem requirements: Windows XP operating system; monitor resolution 1024 by 768.
=546  \\$aIn English and Spanish.
=588  \\$aLatest issue consulted: 2003/2011 DVD-ROM.
=650  \0$aWorld politics$y21st century$vPeriodicals.
=651  \0$aSpain$xPolitics and government$y21st century$vPeriodicals.
=651  \0$aSpain$xForeign relations$y21st century$vPeriodicals.
=710  2\$aReal Instituto Elcano de Estudios Internacionales y Estratégicos.
=787  0\$tAnálisis del Real Instituto Elcano$x1696-3466
=852  41$aBritish Library$bHMNTS$jEF.9.x.357$32003/2011 (2011)-
=985  \\$aISSN record has typo (socumentos should be documentos);also has 787 links so added here - this one annual.
=CAT  \\$a3072$b40$c20120417$lBLL01$h1022
=CAT  \\$a3072$b40$c20120417$lBLL01$h1025
=CAT  \\$a3072$b40$c20120417$lBLL01$h1026
=FIN  \\$aY$d20120417
=FMT  \\$a  SE
=LAS  \\$a3072$b40$c20120417$lBLL01$h1026
=LET  \0$aAnálisis, documentos de trabajo, publicaciones (DVD-ROM)
=LKR  \\$aPAR$b014049816$lBLL01$r787$mAnálisis, documentos de trabajo, publicaciones Analyses, working papers, publications /$nAnálisis del Real Instituto Elcano
=SID  \\$aZ39$bLOC

