=LDR  03696cas a2200853 a 4500
=001  016088155
=003  Uk
=005  20221231231452.0
=007  ta
=008  120517d20122013xxuqr\p\\\\\\\0\\\a0eng\\
=015  \\$aGBB248397$2bnb
=022  0\$a2165-347X
=040  \\$aUk$beng$cUk
=042  \\$aukblsr
=082  04$a006.605$223
=130  0\$aJournal of graphics tools (2012)
=245  10$aJournal of graphics tools.
=260  \\$aPhiladelphia, Pa. :$bTaylor & Francis Group,$c2012-2013
=300  \\$av. :$bill. (some col.) ;$c26 cm.
=310  \\$aFour issues a year
=336  \\$atext$2rdacontent
=337  \\$aunmediated$2rdamedia
=338  \\$avolume$2rdacarrier
=362  0\$aVol. 16, no. 1 (2012)-
=540  \\$aCurrent copyright fee: GBP46.00$c2\0$5Uk
=650  \0$aComputer graphics$vPeriodicals.
=776  0\$tJournal of graphics tools (2012 : Online)$x2165-3488
=780  00$tJournal of graphics, gpu, & game tools$x2151-237X
=852  41$aBritish Library$bSTI$k(P)$h006.60523$m-E(1)$3Vol. 16, no. 1 (2012)-v. 17, no. 4 (2013)
=856  \\$31850-9999$uhttp://www.tandfonline.com/$xBLDSS
=945  \\$aJournal of graphics tools.
=979  \\$aBritish Library$bDSC$j4996.461000
=985  \\$aUS ISSN still Work Record, no 222 added 17/5/12
=ACF  \\$aPrevious Copyright Fee: GBP25.00$c0$e01-apr-2014$fGBP25.00$g0$hC$5Uk
=ACF  \\$aPrevious Copyright Fee: GBP30.00$c2\0$e03-feb-2015$fGBP30.00$g0$hP$5Uk
=ACF  \\$aPrevious copyright fee: GBP34.00$c2\0$e01-jan-2016$fGBP34.00$g0$hP$5Uk
=ACF  \\$aPrevious copyright fee: GBP36.00$c2\0$e01-jan-2017$fGBP36.00$g0$hP$5Uk
=ACF  \\$aPrevious copyright fee: GBP38.00$c2\0$e01-jan-2018$fGBP38.00$g0$hP$5Uk
=ACF  \\$aPrevious copyright fee: GBP40.00$c2\0$e01-jan-2019$fGBP40.00$g0$hP$5Uk
=ACF  \\$aPrevious copyright fee: GBP42.00$c2\0$e01-jan-2020$fGBP42.00$g0$hP$5Uk
=CAT  \\$a8124$b40$c20120517$lBLL01$h0825
=CAT  \\$a8124$b40$c20120517$lBLL01$h0827
=CAT  \\$aBATCH-CLA$b00$c20140228$lBLL01$h1612
=CAT  \\$aIPL-CLA$c20140331$lBLL01$h1641
=CAT  \\$a5552$b40$c20150203$lBLL01$h0935
=CAT  \\$aBLDSS-3PM$b00$c20150513$lBLL01$h0807
=CAT  \\$aBATCH-UPD$b00$c20151119$lBLL01$h1536
=CAT  \\$aIPL-CLA$c20151231$lBLL01$h1934
=CAT  \\$aBATCH-UPD$b00$c20160413$lBLL01$h1826
=CAT  \\$aBATCH-UPD$b00$c20161122$lBLL01$h1501
=CAT  \\$aBATCH-UPD$b00$c20161122$lBLL01$h1518
=CAT  \\$aIPL-CLA$c20161231$lBLL01$h0003
=CAT  \\$a5552$b40$c20170420$lBLL01$h1224
=CAT  \\$a5410$b40$c20171108$lBLL01$h1544
=CAT  \\$aBATCH-UPD$b40$c20171121$lBLL01$h1640
=CAT  \\$aIPL-CLA$c20171231$lBLL01$h1813
=CAT  \\$aBATCH-UPD$b00$c20181217$lBLL01$h1648
=CAT  \\$aIPL-CLA$c20181231$lBLL01$h1552
=CAT  \\$aBATCH-UPD$b00$c20191122$lBLL01$h1910
=CAT  \\$aIPL-CLA$c20191231$lBLL01$h2031
=CAT  \\$aBATCH-UPD$b00$c20201118$lBLL01$h1345
=CAT  \\$aIPL-CLA$c20201231$lBLL01$h2332
=CAT  \\$a7764$b40$c20210406$lBLL01$h1440
=CAT  \\$aBATCH-UPD$b40$c20221121$lBLL01$h1335
=CAT  \\$aIPL-CLA$c20221231$lBLL01$h2314
=CFI  0\$aCurrent copyright fee: GBP46.00$c2\0$e01-jan-2023$fGBP46.00$g0$hP$5Uk
=CFI  2\$aPrevious copyright fee: GBP44.00$c2\0$e01-jan-2021$fGBP44.00$g0$hP$5Uk
=FFP  \\$aY$bBLDSS-3PM
=FIN  \\$aY$d20120517
=FMT  \\$a  SE
=LAS  \\$aIPL-CLA$b00$c20221231$lBLL01$h2314
=LET  \0$aJournal of graphics tools (Print)
=LKR  \\$aPAR$b016008823$lBLL01$r776$mJournal of graphics tools.$nJournal of graphics tools (2012 : Online)
=LKR  \\$aPAR$b014837859$lBLL01$r78000$mJournal of graphics tools (2012)$nJournal of graphics, GPU, & game tools : JGT.

