=LDR  01930 as a2200481 a 4500
=001  016088834
=003  Uk
=005  20120531163533.0
=007  ta
=008  120518c20009999onc\x\p\\s\\\f0\\\a0eng\\
=022  0\$a1495-5954
=040  \\$aUk$beng$cUk
=042  \\$aukblsr
=082  04$a305.40971021$223
=222  \0$aWomen in Canada ..., a gender-based statistical report
=245  00$aWomen in Canada :$ba gender-based statistical report /$cStatistics Canada and Status of Women Canada.
=260  \\$aOttawa :$bStatistics Canada,$c2000-
=300  \\$av. :$bcol. ill. ;$c28 cm.
=310  \\$aIrregular
=336  \\$atext$2rdacontent
=337  \\$aunmediated$2rdamedia
=338  \\$avolume$2rdacarrier
=362  1\$aBegan in 2000.
=500  \\$aIssued also in French, with title: Femmes au Canada ..., rapport statistique fondé sur le sexe.
=588  \\$aDescription based on: 6th ed. (2012).
=650  \0$aWomen$zCanada$vStatistics$vPeriodicals.
=650  \0$aWomen$zCanada$xSocial conditions$vStatistics$vPeriodicals.
=650  \0$aWomen$zCanada$xEconomic conditions$vStatistics$vPeriodicals.
=690  7\$aSocial Welfare$2blcoll
=710  2\$aStatistics Canada.
=710  1\$aCanada.$bStatus of Women Canada.
=710  2\$aStatistics Canada.$bSocial and Aboriginal Statistics Division.
=780  00$tWomen in Canada, a statistical report$x1200-7811
=852  41$aBritish Library$bHMNTS$jOPF.9.x.535$3Ed. 6 (2012)
=985  \\$aCatalogued as a change of title in accordance with Canadian ISSN allocation. Editions of previous title catalogued as monographs. GH 18/5/2012.
=CAT  \\$a11205$b40$c20120518$lBLL01$h1423
=CAT  \\$a11205$b40$c20120518$lBLL01$h1439
=CAT  \\$a11205$b40$c20120518$lBLL01$h1447
=CAT  \\$a7416$b40$c20120531$lBLL01$h1635
=CAT  \\$aBATCH-SWP$c20120727$lBLL01$h2249
=FIN  \\$aY$d20120518
=FMT  \\$a  SE
=LAS  \\$aBATCH-SWP$b00$c20120727$lBLL01$h2249

