=LDR  01477 ai a2200409 a 4500
=001  016112809
=003  Uk
=005  20120628084952.0
=007  td
=008  120628c20119999enkfr\l\\\\\\\0\\\a2eng\\
=015  \\$aGBB263137$2bnb
=022  0\$a2046-5912$202
=040  \\$aUk$beng$cUk
=042  \\$aukblsr
=082  04$a346.42015$223
=222  \0$aFamily procedure rules
=245  00$aFamily procedure rules.
=246  13$aFamily procedure rules 2010
=260  \\$aNorwich :$bTSO,$c2011-
=300  \\$av. (loose-leaf) ;$c30 cm. +$eCD-ROMs.
=310  \\$aUpdated
=336  \\$atext$2rdacontent
=337  \\$aunmediated$2rdamedia
=338  \\$avolume$2rdacarrier
=500  \\$aSize does not include binder.
=588  \\$aDescription based on: Update 1 (June 2011) and update 2 (Apr. 2012 only.
=610  10$aGreat Britain.$tFamily Procedure Rules 2010.
=650  \0$aDomestic relations$zEngland$vHandbooks, manuals, etc.
=650  \0$aDomestic relations$zWales$vHandbooks, manuals, etc.
=852  41$aBritish Library$bHMNTS$jOPA.9.x.1469$3Update 1 (Jun. 2011)- update 4(2012)
=985  \\$aAC - 610 Family Procedure Rules 2010. Does this need authorising? Is it in correct form? Printout from legislation.gov website enclosed
=985  \\$aDO NOT MERGE WITH ISSN RECORD on #015765333
=CAT  \\$a8124$b40$c20120628$lBLL01$h0845
=CAT  \\$a8124$b40$c20120628$lBLL01$h0849
=FIN  \\$aY$d20120628
=FMT  \\$a  SE
=LAS  \\$a8124$b40$c20120628$lBLL01$h0849

