=LDR  01334 ai a2200409 a 4500
=001  016119611
=003  Uk
=005  20210224124953.0
=007  td
=008  120705d20122012enkqr\l\\f\\\\0\\\a2eng\\
=015  \\$aGBB266093$2bnb
=020  \\$a9781906313531 (loose-leaf)
=022  0\$a2049-3657
=040  \\$aUk$beng$cUk
=042  \\$aukblsr
=082  04$a363.123$223
=222  \0$aIHS Fairplay DPA handbook
=245  00$aIHS Fairplay DPA handbook.
=246  3\$aIHS Fairplay Designated Person Ashore handbook
=246  30$aDPA handbook
=260  \\$aCoulsdon :$bIHS Global,$c2012
=300  \\$av. (loose-leaf) :$bcol. ill. ;$c31 cm.
=310  \\$aUpdated quarterly
=336  \\$atext$2rdacontent
=337  \\$aunmediated$2rdamedia
=338  \\$avolume$2rdacarrier
=588  \\$aDescription based on: Main Work, comprising issue 1, Update 0 (2012).
=650  \0$aShipping$xSafety measures$vHandbooks, manuals, etc.
=650  \0$aShipping$xSafety regulations$vHandbooks, manuals, etc.
=710  2\$aIHS Fairplay.
=852  41$aBritish Library$bHMNTS$jZC.9.b.9479$3Main work (2012)
=985  \\$aDO NOT MERGE with ISSN record on #015993487
=CAT  \\$a8124$b40$c20120705$lBLL01$h1123
=CAT  \\$a7764$b40$c20210224$lBLL01$h1249
=FIN  \\$aY$d20120705
=FMT  \\$a  SE
=LAS  \\$a7764$b40$c20210224$lBLL01$h1249

