=LDR  03696cas a2200841 i 4500
=001  016134101
=003  Uk
=005  20221231145132.0
=007  ta
=008  120730c20139999enktr\p\\\\\\\0\\\a0eng\\
=015  \\$aGBB377799$2bnb
=022  0\$a2050-8840
=040  \\$aUk$beng$cUk$erda
=042  \\$aukblsr
=082  04$a340.1$223
=222  \4$aThe theory and practice of legislation$b(Print)
=245  04$aThe theory and practice of legislation.
=264  \1$aOxford :$bHart Publishing,$c2013-
=264  31$aAbingdon :$bTaylor & Francis
=300  \\$c24 cm
=310  \\$aThree issues yearly
=336  \\$atext$2rdacontent
=337  \\$aunmediated$2rdamedia
=338  \\$avolume$2rdacarrier
=362  0\$aVolume 1, no. 1 (2013)-
=540  \\$aCurrent copyright fee: GBP37.00$c2\0$5Uk
=588  \\$aLatest issue consulted: volume 3 (2015); pdf of editorial page viewed July 23 2015.
=650  \0$aLegislation$vPeriodicals.
=776  08$iAlso issued online as:$tTheory and practice of legislation$x2050-8859
=780  00$tLegisprudence$x1752-1467
=852  41$aBritish Library$bHMNTS$jZC.9.a.9329$3Vol. 1, no. 1 (2013)-v. 3, no. 3 (2015)***title now taken as electronic copy only
=856  \\$31850-9999$uhttp://www.tandfonline.com/$xBLDSS
=945  \\$aTheory and practice of legislation.
=979  \\$aBritish Library$bDSC$j8814.628435N
=985  \\$aISSN note: responsiblity for ISSN transferred from UK to U.S. in accordance with multinational publisher agreement. U.S. ISSN Center provided pdf of relevant details for print serial.
=ACF  \\$aPrevious Copyright Fee: GBP29.90$c0$e01-jan-2016$fGBP29.90$g0$hC$5Uk
=ACF  \\$aPrevious copyright fee: GBP26.00$c2\0$e14-mar-2016$fGBP26.00$g0$hP$5Uk
=ACF  \\$aPrevious copyright fee: GBP28.00$c2\0$e01-jan-2017$fGBP28.00$g0$hP$5Uk
=ACF  \\$aPrevious copyright fee: GBP30.00$c2\0$e01-jan-2018$fGBP30.00$g0$hP$5Uk
=ACF  \\$aPrevious copyright fee: GBP32.00$c2\0$e01-jan-2019$fGBP32.00$g0$hP$5Uk
=ACF  \\$aPrevious copyright fee: GBP34.00$c2\0$e01-jan-2020$fGBP34.00$g0$hP$5Uk
=CAT  \\$a10973$b40$c20120730$lBLL01$h1043
=CAT  \\$a5997$b40$c20130829$lBLL01$h0737
=CAT  \\$a10806$b40$c20150721$lBLL01$h1356
=CAT  \\$a11315$b40$c20150723$lBLL01$h0958
=CAT  \\$aBATCH-CLA$b00$c20151127$lBLL01$h1628
=CAT  \\$aIPL-CLA$c20151231$lBLL01$h1934
=CAT  \\$a5552$b40$c20160314$lBLL01$h1229
=CAT  \\$aBLDSS-3PM$b00$c20160322$lBLL01$h1621
=CAT  \\$aBATCH-UPD$b00$c20160413$lBLL01$h1826
=CAT  \\$aBATCH-UPD$b00$c20161122$lBLL01$h1515
=CAT  \\$aBATCH-UPD$b00$c20161122$lBLL01$h1625
=CAT  \\$aIPL-CLA$c20161231$lBLL01$h0005
=CAT  \\$a5552$b40$c20170124$lBLL01$h1141
=CAT  \\$aBATCH-UPD$b40$c20171121$lBLL01$h1650
=CAT  \\$aIPL-CLA$c20171231$lBLL01$h1814
=CAT  \\$aBATCH-UPD$b00$c20181217$lBLL01$h1640
=CAT  \\$aIPL-CLA$c20181231$lBLL01$h1552
=CAT  \\$aBATCH-UPD$b00$c20191122$lBLL01$h1902
=CAT  \\$aIPL-CLA$c20191231$lBLL01$h2032
=CAT  \\$aBATCH-UPD$b00$c20201118$lBLL01$h1336
=CAT  \\$aIPL-CLA$c20201231$lBLL01$h1532
=CAT  \\$aBATCH-UPD$b00$c20221121$lBLL01$h1349
=CAT  \\$aIPL-CLA$c20221231$lBLL01$h1451
=CFI  0\$aCurrent copyright fee: GBP37.00$c2\0$e01-jan-2023$fGBP37.00$g0$hP$5Uk
=CFI  2\$aPrevious copyright fee: GBP35.00$c2\0$e01-jan-2021$fGBP35.00$g0$hP$5Uk
=FFP  \\$aY$bBLDSS-3PM
=FIN  \\$aY$d20130829
=FMT  \\$a  SE
=LAS  \\$aIPL-CLA$b00$c20221231$lBLL01$h1451
=LET  \4$aThe theory and practice of legislation (Print).
=LKR  \\$aPAR$b013528326$lBLL01$nLegisprudence$mTheory and practice of legislation$r78000
=TOC  \\$aETOC

