=LDR  02851cas a2200661 a 4500
=001  016149784
=003  Uk
=005  20210104151328.0
=006  m\\\\\\\\d\\\\\\\\
=007  cr\|||||||||||
=008  120816d2009201uenkuu\p\o\\\\\0\\\a0eng\\
=015  \\$aGBB5H2874$2bnb
=022  \\$y1742-4968$y2413-3485
=040  \\$aUk$beng$cUk$dUk
=042  \\$aukblsr
=082  04$a428.007105$223
=130  0\$aNewsletter of the ES(O)L Special Interest Group in IATEFL (Online)
=245  14$aThe newsletter of the ES(O)L Special Interest Group in IATEFL$h[electronic resource].
=246  1\$iVariant:$aNewsletter of the IATEFL ES(O)L Special Interest Group :$be-newsletter$f<2011>
=246  1\$iMinor title change:$aNewsletter of the ES(O)L Special Interest Group$f<2015>-
=260  \\$a[Canterbury] :$bIATEFL,$c2009-
=300  \\$bill., ports.
=336  \\$atext$2rdacontent
=337  \\$acomputer$2rdamedia
=338  \\$aonline resource$2rdacarrier
=362  1\$aPrint began in 2009.
=530  \\$aSome issues available in print format; some produced in electronic format only.
=538  \\$aMode of access: email.
=538  \\$aSystem requirements: Adobe Acrobat Reader.
=588  \\$aDescription based on print version record.
=588  \\$aLatest issue consulted: Feb. 2012.
=610  20$aES(O)L SIG$vPeriodicals.
=650  \0$aEnglish language$xStudy and teaching$xForeign speakers$vPeriodicals.
=710  2\$aES(O)L SIG.
=710  2\$aInternational Association of Teachers of English as a Foreign Language.
=776  08$iPrint version, -2014: :$tNewsletter of the ES(O)L Special Interest Group in IATEFL
=787  0\$tTEASIG newsletter
=852  41$aBritish Library$bHMNTS$jELD Digital store$3Issue 1(2015)-
=856  4\$uwww.iatefl.org$zTo subscribe
=859  \\$aELD$bejournal
=985  \\$aISSN Centre note: International organisation, ISSN would need to be assigned by the ISSN International Centre -SF 16/08/2012.
=CAT  \\$a11316$b40$c20120816$lBLL01$h1649
=CAT  \\$a11316$b40$c20120816$lBLL01$h1652
=CAT  \\$a8478$b40$c20130920$lBLL01$h0902
=CAT  \\$aWR14.047$c20140417$lBLL01$h1646
=CAT  \\$a10983$b40$c20140425$lBLL01$h0912
=CAT  \\$a3072$b40$c20151208$lBLL01$h1222
=CAT  \\$a3072$b40$c20151208$lBLL01$h1223
=CAT  \\$a3072$b40$c20151208$lBLL01$h1331
=CAT  \\$aW1711-1225$c20171203$lBLL01$h1049
=CAT  \\$a3072$b40$c20180620$lBLL01$h1540
=CAT  \\$a8874$b40$c20201217$lBLL01$h1426
=CAT  \\$a14586$b40$c20210104$lBLL01$h1513
=FIN  \\$aY$d20120816
=FMT  \\$a  SE
=LAS  \\$a14586$b40$c20210104$lBLL01$h1513
=LET  \0$aNewsletter of the ES(O)L Special Interest Group (Electronic)
=LKR  \\$aPAR$b015413131$lBLL01$r776$mNewsletter of the ES(O)L Special Interest Group (Online)$nNewsletter of the ES(O)L Special Interest Group (Print)

