=LDR  02191 as a2200529 a 4500
=001  016207856
=003  Uk
=005  20140109095311.0
=007  ta
=008  950203c19uu9999mx\fr\p\\\\\\\0\\\b0spa\d
=022  \\$y1870-211X
=035  \\$a(OCoLC)31932856$z(OCoLC)6161715
=040  \\$aIQU$beng$cIQU$dOCL$dOCLCQ$dCUY$dIXA$dHUL$dHLS$dOCLCQ$dUk
=042  \\$aukblsr
=043  \\$an-mx---
=050  \4$aF1222.3$b.E618
=050  \4$aHC131$b.E572
=082  04$a330.972$223
=130  0\$aEnsayos (Monterrey, Mexico)
=245  10$aEnsayos /$cUniversidad Autónoma de Nuevo León, Facultad de Economía, Centro de Investigaciones Económicas.
=246  1\$iSubtitle varies:$aEnsayos$brevista de economia
=260  \\$aMonterrey, N.L. :$bLa Facultad
=300  \\$av. :$bill. ;$c21 cm.
=310  \\$aSemiannual
=336  \\$atext$2rdacontent
=337  \\$aunmediated$2rdamedia
=338  \\$avolume$2rdacarrier
=588  \\$aDescription based on: Vol. 9, no. 1 (mayo 1990); title from cover.
=588  \\$aLatest issue consulted: volumen 32, número 2 (noviembre de 2013).
=650  \0$aEconomics$vPeriodicals.
=651  \0$aMexico$xEconomic conditions$vPeriodicals.
=690  7\$aManagement and Business Studies$2blcoll
=710  2\$aUniversidad Autónoma de Nuevo León.$bCentro de Investigaciones Económicas.
=710  2\$aUniversidad Autónoma de Nuevo León.$bFacultad de Economía.
=776  08$iOnline version:$tEnsayos (Universidad Autómoma de Nuevo León. Facultad de Economía)
=852  41$aBritish Library$bHMNTS$jZF.9.a.9531$3Vol. 29, No. 2 (2010)-v.31, n. 1 (2012)-v. 34, n. 2, (2015)
=985  \\$aVol. 29, no. 2 (nov. 2010) quotes ISSN 1870-221X (ISSN record status 'Free' on 08/11/12), Richard Brown, Serials Cataloguing, 08/11/12.
=CAT  \\$a10806$b40$c20121108$lBLL01$h1632
=CAT  \\$a10806$b40$c20121108$lBLL01$h1633
=CAT  \\$a10806$b40$c20121108$lBLL01$h1636
=CAT  \\$aBATCH-MBS$c20130315$lBLL01$h2125
=CAT  \\$a5997$b40$c20140109$lBLL01$h0953
=CAT  \\$aBATCH-UPD$b40$c20170423$lBLL01$h2118
=FIN  \\$aY$d20121108
=FMT  \\$a  SE
=LAS  \\$aBATCH-UPD$b40$c20170423$lBLL01$h2118
=SID  \\$aZ39$bOCLC

