=LDR  01785 as a2200445 a 4500
=001  016214339
=003  Uk
=005  20121120150606.0
=007  ta
=008  121120c200u9999xxcgr\\\\\\\\o0\\\a0eng\\
=022  \\$y1928-1862
=040  \\$aUk$beng$cUk
=041  \\$aeng$afre
=042  \\$aukblsr
=082  04$a363.739097195$223
=245  04$aThe big picture.$pContaminated sites in Nunavut /$cAboriginal Affairs and Northern Development Canada.
=246  30$aContaminated sites in Nunavut
=246  15$aVue d'ensemble.$pLes sites contaminés du Nunavut
=260  \\$aIqaluit :$bAboriginal Affairs and Northern Development Canada
=300  \\$av. :$bcol. ill., col. ports. ;$c28 cm.
=310  \\$aBiennial
=336  \\$atext$2rdacontent
=337  \\$aunmediated$2rdamedia
=338  \\$avolume$2rdacarrier
=362  1\$aBegan in 2008?
=530  \\$aAlso issued online
=546  \\$aParallel text in English and French on inverted pages.
=588  \\$aDescription based on: Unnumbered issue, published in 2012.
=650  \0$aMineral industries$xEnvironmental aspects$zNunavut$vPeriodicals.
=650  \0$aHazardous waste sites$zNunavut$vPeriodicals.
=650  \0$aHazardous waste site remediation$zNunavut$vPeriodicals.
=710  1\$aCanada.$bAboriginal Affairs and Northern Development Canada.
=787  0\$tBig picture. Contaminated sites in the NWT
=852  41$aBritish Library$bHMNTS$jOPF.9.x.543$3[2012]
=985  \\$aISSN is for "The big picture" only, but at least two series with this plus part title are running concurrently: Nunavut & NWT (NWT series cat. as mono #015789278)
=CAT  \\$a8124$b40$c20121120$lBLL01$h1340
=CAT  \\$a8124$b40$c20121120$lBLL01$h1506
=FIN  \\$aY$d20121120
=FMT  \\$a  SE
=LAS  \\$a8124$b40$c20121120$lBLL01$h1506

