=LDR  02830cas a2200601 a 4500
=001  016218004
=003  Uk
=005  20170706142740.0
=006  m\\\\\\\\m\|\\\\\\
=007  cr\|||||||||||
=008  121126c19979999enkuu\p\o\\\\\0\\\a0eng\\
=022  0\$y1369-104x
=040  \\$aUk$beng$cUk$dUk
=042  \\$aukblsr
=082  04$a632.7$223
=245  00$aDistribution maps of plant pests$h[electronic resource].
=246  3\$aDMPP
=260  \\$aWallingford, UK :$bCABI in association with European and Mediterranean Plant Protection Organization (EPPO)
=300  \\$amaps (black and white)
=336  \\$atext$2rdacontent
=337  \\$acomputer$2rdamedia
=338  \\$aonline resource$2rdacarrier
=362  1\$aPrint began in 1997.
=500  \\$aCompiled by CABI's Information Institute and the International Institute of Entomology, in association with EPPO.
=530  \\$aAlso issued as a fully searchable abstracts database derived from CAB abstracts.
=580  \\$aOriginal print version preceded by earlier title: Distribution maps of pests. Series A, Agricultural.
=588  \\$aDescription based on print version record.
=588  \\$aLatest issue consulted: June 2016.
=650  \0$aInsect pests$xGeographical distribution$vPeriodicals.
=650  \0$aAgricultural pests$vMaps.
=710  2\$aC.A.B. International.
=710  2\$aEuropean and Mediterranean Plant Protection Organisation,$eissuing body.
=710  2\$aCAB International.$bInformation Institute.
=710  2\$aCAB International.$bInstitute of Entomology.
=776  08$iAlso issued in print as:$tDistribution maps of plant pests
=852  41$aBritish Library$bHMNTS$jELD Digital store$3(2016:Jun.)-
=856  4\$uhttp://www.cabi.org/DMPP/$zTo subscribe for online access
=859  \\$aELD$bejournal
=985  \\$aThis record is based on a PDF version of the printed title. Probably not generally available in this format. The publisher's online product is in the form of a database see: http://www.cabi.org/publishing-products/online-information-resources/cab-abstracts-subset-archives/. ISSN not assigned for this PDF version.
=CAT  \\$aRESDATASET$b00$c20121126$lBLL01$h1531
=CAT  \\$a7332$b40$c20130102$lBLL01$h1343
=CAT  \\$aWR13.117$c20130718$lBLL01$h1857
=CAT  \\$a7332$b40$c20131002$lBLL01$h0747
=CAT  \\$a8483$b40$c20160907$lBLL01$h1156
=CAT  \\$a8483$b40$c20160907$lBLL01$h1158
=CAT  \\$a14346$b40$c20160915$lBLL01$h0936
=CAT  \\$a11279$b40$c20170706$lBLL01$h1427
=CAT  \\$aW1711-1005$c20171206$lBLL01$h1825
=FIN  \\$aY$d20130102
=FMT  \\$a  SE
=LAS  \\$aW1711-1005$b00$c20171206$lBLL01$h1825
=LET  \0$aDistribution maps of plant pests (Electronic)
=LKR  \\$aPAR$b012308629$lBLL01$r776$mDistribution maps of plant pests$nDistribution maps of plant pests

