=LDR  03355cai a2200685 a 4500
=001  016218005
=003  Uk
=005  20160915093616.0
=006  m\\\\\\\\m\|\\\\\\
=007  cr\|||||||||||
=008  121126c19429999enk\x\p\o\\\\\0\\\a0eng\\
=022  \\$y0012-396x
=040  \\$aUk$beng$cUk
=042  \\$aukblsr
=082  04$a571.92$223
=245  00$aDistribution maps of plant diseases$h[electronic resource].
=246  13$aCMI distribution maps of plant diseases
=246  3\$aDMPD
=264  \1$a[Kew] :$bCommonwealth Mycological Institute
=264  31$aWallingford, UK :$bCABI in association with European and Mediterranean Plant Protection Organization (EPPO)
=300  \\$amaps (black and white)
=336  \\$atext$2rdacontent
=337  \\$acomputer$2rdamedia
=338  \\$aonline resource$2rdacarrier
=362  1\$aPrint began in 1942.
=530  \\$aAlso issued as a fully searchable abstracts database derived from CAB abstracts.
=550  \\$aIssued 1942-1948 by Imperial Mycological Institute; <1948>-1986 by Commonwealth Mycological Institute; 1986-1989 by CAB International Mycological Institute; 1990-1992 by International Mycological Institute; <Apr. 2013- > by European and Mediterranean Plant Protection Organization.
=588  \\$aDescription based on print version record.
=588  \\$aLatest issue consulted: April 2016.
=650  \0$aPlant diseases$vMaps.
=650  \0$aPlant diseases$vPeriodicals.
=650  \0$aFungi$xGeographical distribution$vPeriodicals.
=653  2\$aFood security
=710  2\$aC.A.B. International.
=710  2\$aEuropean and Mediterranean Plant Protection Organisation,$eissuing body.
=710  2\$aInternational Mycological Institute,$eissuing body.
=710  2\$aC.A.B. International.$bMycological Institute,$eissuing body.
=710  2\$aCommonwealth Mycological Institute (Great Britain),$eissuing body.
=710  2\$aImperial Mycological Institute (Great Britain),$eissuing body.
=776  08$iAlso issued in print as:$tDistribution maps of plant diseases
=852  41$aBritish Library$bHMNTS$jELD Digital store$3(2016:Apr.)-
=856  4\$uhttp://www.cabi.org/DMPD/$zTo subscribe for online access
=859  \\$aELD$bejournal
=985  \\$aThis record is based on a PDF version of the printed title. Probably not generally available in this format. The publisher's online product is in the form of a database see: http://www.cabi.org/publishing-products/online-information-resources/cab-abstracts-subset-archives/. ISSN not assigned for this PDF version.
=CAT  \\$aRESDATASET$b00$c20121126$lBLL01$h1531
=CAT  \\$a7332$b40$c20130102$lBLL01$h1357
=CAT  \\$aWR13.117$c20130718$lBLL01$h1857
=CAT  \\$a8483$b40$c20160907$lBLL01$h1106
=CAT  \\$a8483$b40$c20160907$lBLL01$h1111
=CAT  \\$a8483$b40$c20160907$lBLL01$h1126
=CAT  \\$a8483$b40$c20160907$lBLL01$h1136
=CAT  \\$a8483$b40$c20160907$lBLL01$h1137
=CAT  \\$a8483$b40$c20160907$lBLL01$h1154
=CAT  \\$a14346$b40$c20160915$lBLL01$h0936
=CAT  \\$aW1711-1005$c20171206$lBLL01$h1825
=FIN  \\$aY$d20130102
=FMT  \\$a  SE
=LAS  \\$aW1711-1005$b00$c20171206$lBLL01$h1825
=LET  \0$aDistribution maps of plant diseases (Electronic)
=LKR  \\$aPAR$b009542648$lBLL01$r776$mDistribution maps of plant diseases$nDistribution maps of plant diseases

