=LDR  01505cas a2200421 a 4500
=001  016220548
=003  Uk
=005  20121128080722.0
=007  ta
=008  121128c20119999lu\ar\\\\\\\\\0\\\a0eng\\
=022  \\$y1725-3632
=040  \\$aUk$beng$cUk
=042  \\$aukblsr
=082  04$a332.1534021$223
=110  2\$aEIB Group.
=245  10$aStatistical report /$cEuropean Investment Bank Group.
=260  \\$aLuxembourg :$bEuropean Investment Bank,$c2011-
=300  \\$av. :$bcol. ill., col. ports. ;$c30 cm.
=310  \\$aAnnual
=336  \\$atext$2rdacontent
=337  \\$aunmediated$2rdamedia
=338  \\$avolume$2rdacarrier
=362  0\$a2011-
=530  \\$aAlso issued online.
=610  20$aEIB Group$vStatistics$vPeriodicals.
=610  20$aEuropean Investment Bank$vStatistics$vPeriodicals.
=650  \0$aInvestments$zEuropean Union countries$vStatistics$vPeriodicals.
=650  \0$aInvestments$zEuropean Union countries$vPeriodicals.
=690  7\$aManagement and Business Studies$2blcoll
=780  00$aEIB Group.$tAnnual report. Volume 3, Statistical report$x1725-3632
=852  41$aBritish Library$bHMNTS$jOPA.9.x.1205$32011-2018
=985  \\$aNot a c/t from ISSN Key title
=CAT  \\$a8124$b40$c20121128$lBLL01$h0807
=CAT  \\$aBATCH-MBS$c20130125$lBLL01$h2108
=FIN  \\$aY$d20121128
=FMT  \\$a  SE
=LAS  \\$aBATCH-MBS$b00$c20130125$lBLL01$h2108
=LKR  \\$aPAR$b013739844$lBLL01$r78000$mStatistical report /$nStatistical report (European Investment Bank Group)

