=LDR  01341 as a2200409 a 4500
=001  016221957
=003  Uk
=005  20170313075333.0
=007  ta
=008  121130d20122012enkuu\p\\\\\\\0\\\a0eng\\
=015  \\$aGBB2C1514$2bnb
=040  \\$aUk$beng$cUk
=042  \\$aukblsr
=082  04$a700.5$223
=245  00$aHector.
=260  \\$aLondon :$bHostem,$c2012.
=300  \\$av. :$bcol. ill., col. ports. ;$c30 cm.
=336  \\$atext$2rdacontent
=337  \\$aunmediated$2rdamedia
=338  \\$avolume$2rdacarrier
=362  0\$aIssue 2-
=650  \0$aFashion$vPeriodicals.
=650  \0$aArt, Modern$vPeriodicals.
=650  \0$aPerformance art$vPeriodicals.
=650  \0$aDesign$vPeriodicals.
=780  00$tSebastian$x2046-6900
=852  41$aBritish Library$bHMNTS$jZK.9.b.31299$3Issue 2 (2012)
=985  \\$aISSN UK: ISSN not assigned - title not stable - due to change with every issue (Richard Brown, Serials Cataloguing 30/11/12)
=CAT  \\$a10806$b40$c20121130$lBLL01$h1326
=CAT  \\$a10806$b40$c20121130$lBLL01$h1328
=CAT  \\$a10806$b40$c20121130$lBLL01$h1332
=CAT  \\$a7778$b40$c20140120$lBLL01$h1215
=CAT  \\$a7778$b40$c20170313$lBLL01$h0753
=FIN  \\$aY$d20121130
=FMT  \\$a  SE
=LAS  \\$a7778$b40$c20170313$lBLL01$h0753
=LKR  \\$aPAR$b015780037$lBLL01$r78000$mHector$nSebastian (London)

