=LDR  02279cas a2200493 i 4500
=001  016259232
=003  Uk
=005  20130315133037.0
=007  ta
=008  130125c20119999xx\qr\p\\\\\\\0\\\a0eng\\
=040  \\$aUk$beng$cUk$erda
=042  \\$aukblsr
=082  04$a362.3805$223
=245  00$aPoint and circle :$bmagazine for curative education and social therapy.
=246  3\$aPointandcircle :$bmagazine for curative education and social therapy
=264  \1$aDormach, Switzerland :$bPublished on behalf of the Council for Curative Education and Social Therapy within the Medical Section of the School for Spiritual Science at the Goetheanum, Dornach; and in association with the Anthroposophical Curative Education and Social Therapy Association (ACESTA).$c2011-
=300  \\$billustrations (black and white, colour) ;$c21-24 cm
=336  \\$atext$2rdacontent
=337  \\$aunmediated$2rdamedia
=338  \\$avolume$2rdacarrier
=362  0\$aSummer 2011-
=588  \\$aLatest issue consulted: Christmas 2012.
=650  \0$aSocial work with people with mental disabilities$vPeriodicals.
=650  \0$aPeople with mental disabilities$xEducation$vPeriodicals.
=690  7\$aSocial Welfare$2blcoll
=710  2\$aKonferenz für Heilpädagogik und Sozialtherapie.
=710  2\$aAnthroposophical Curative Education and Social Therapy Association.
=780  00$tJournal of curative education and social therapy$x1421-5357
=852  41$aBritish Library$bHMNTS$jZK.9.a.13726$3Summer (2011)-winter (2017/2018)
=985  \\$aUK ISSN Centre to consider assigning an ISSN (MP, 25/1/13).
=CAT  \\$a5997$b40$c20130125$lBLL01$h1158
=CAT  \\$a5997$b40$c20130125$lBLL01$h1200
=CAT  \\$a5997$b40$c20130125$lBLL01$h1201
=CAT  \\$a8871$b40$c20130312$lBLL01$h1214
=CAT  \\$a5997$b40$c20130313$lBLL01$h0742
=CAT  \\$a5997$b40$c20130313$lBLL01$h0746
=CAT  \\$a5997$b40$c20130313$lBLL01$h0747
=CAT  \\$a5997$b40$c20130315$lBLL01$h1330
=CAT  \\$aBATCH-UPD$b40$c20130316$lBLL01$h0233
=CAT  \\$aBATCH-SWP$c20130419$lBLL01$h2308
=FIN  \\$aY$d20130125
=FMT  \\$a  SE
=LAS  \\$aBATCH-SWP$b00$c20130419$lBLL01$h2308
=LKR  \\$aPAR$b009912010$lBLL01$nJournal of curative education and social therapy$mPoint and circle$r78000

