=LDR  04855cas a2201021 i 4500
=001  016260478
=003  Uk
=005  20220930142845.0
=006  m\\\\\\\\d\\\\\\\\
=007  cr\|||||||||||
=008  130129c20129999ne\uu\p\s\\\\\0\\\a0eng\\
=022  0\$y2211-3533
=040  \\$aUk$beng$cUk$erda
=042  \\$aukblsr
=082  04$a615.79205$223
=245  00$aAnti-infective agents.
=264  \1$a[Hilversum] :$bBentham Science Publishers
=336  \\$atext$2rdacontent
=337  \\$acomputer$2rdamedia
=338  \\$aonline resource$2rdacarrier
=362  0\$aVolume 10, issue 1 (January 2012)-
=500  \\$aTitle from pdf article running title (Bentham Science website, viewed July 18, 2013).
=540  \\$aCurrent copyright fee: GBP48.33$c38\0$5Uk
=588  \\$aLatest issue consulted: volume 11, issue 2 (July 2013); (viewed July 18, 2013).
=650  \0$aAnti-infective agents$vPeriodicals.
=776  08$iAlso issued in print as:$tAnti-infective agents
=780  00$tAnti-infective agents in medicinal chemistry (Online)$x1875-6018
=852  41$aBritish Library$bDSC$j1547.534400$3Volume 10:Issue 1(2012)-
=856  \\$31850-9999$uhttp://benthamscience.com$xBLDSS
=856  40$uhttp://www.benthamscience.com/cmcaia/index.htm
=945  \\$aAnti-infective agents
=959  \\$fCurrently received
=985  \\$aISSN for print and online still Work, 18/7/13
=ACF  \\$aPrevious copyright fee: GBP36.25$c38\0$e29-jan-2013$fGBP36.25$g0$hP$5Uk
=ACF  \\$aPrevious copyright fee: GBP37.42$c38\0$e01-jul-2013$fGBP37.42$g0$hP$5Uk
=ACF  \\$aPrevious copyright fee: GBP36.25$c38\0$e01-jan-2014$fGBP36.25$g0$hP$5Uk
=ACF  \\$aPrevious copyright fee: GBP35.15$c38\0$e01-jul-2014$fGBP35.15$g0$hP$5Uk
=ACF  \\$aPrevious copyright fee: GBP37.42$c38\0$e01-apr-2015$fGBP37.42$g0$hP$5Uk
=ACF  \\$aPrevious copyright fee: GBP38.67$c38\0$e01-jul-2015$fGBP38.67$g0$hP$5Uk
=ACF  \\$aPrevious copyright fee: GBP37.42$c38\0$e01-oct-2015$fGBP37.42$g0$hP$5Uk
=ACF  \\$aPrevious copyright fee: GBP40.00$c38\0$e01-apr-2016$fGBP40.00$g0$hP$5Uk
=ACF  \\$aPrevious copyright fee: GBP42.96$c38\0$e01-oct-2016$fGBP42.96$g0$hP$5Uk
=ACF  \\$aPrevious copyright fee: GBP46.40$c38\0$e01-apr-2017$fGBP46.40$g0$hP$5Uk
=ACF  \\$aPrevious copyright fee: GBP44.62$c38\0$e01-oct-2017$fGBP44.62$g0$hP$5Uk
=ACF  \\$aPrevious copyright fee: GBP41.43$c38\0$e01-apr-2018$fGBP41.43$g0$hP$5Uk
=ACF  \\$aPrevious copyright fee: GBP44.62$c38\0$e01-oct-2018$fGBP44.62$g0$hP$5Uk
=ACF  \\$aPrevious copyright fee: GBP46.40$c38\0$e01-oct-2019$fGBP46.40$g0$hP$5Uk
=ACF  \\$aPrevious copyright fee: GBP44.62$c38\0$e01-apr-2020$fGBP44.62$g0$hP$5Uk
=ACF  \\$aPrevious copyright fee: GBP46.40$c38\0$e01-jul-2020$fGBP46.40$g0$hP$5Uk
=ACF  \\$aPrevious copyright fee: GBP42.96$c38\0$e01-apr-2021$fGBP42.96$g0$hP$5Uk
=ACF  \\$aPrevious copyright fee: GBP41.43$c38\0$e07-jul-2021$fGBP41.43$g0$hP$5Uk
=CAT  \\$a12654$b40$c20130129$lBLL01$h1430
=CAT  \\$aBATCH-UPD$b00$c20160824$lBLL01$h1838
=CAT  \\$aBATCH-UPD$b00$c20160824$lBLL01$h2045
=CAT  \\$aIPL-CLA$c20160930$lBLL01$h1638
=CAT  \\$aBATCH-UPD$b00$c20170216$lBLL01$h1921
=CAT  \\$aIPL-CLA$c20170331$lBLL01$h1916
=CAT  \\$aBATCH-UPD$b00$c20170904$lBLL01$h1941
=CAT  \\$aIPL-CLA$c20170929$lBLL01$h1801
=CAT  \\$aBATCH-UPD$b00$c20180223$lBLL01$h1818
=CAT  \\$aIPL-CLA$c20180331$lBLL01$h1703
=CAT  \\$aBATCH-UPD$b00$c20180823$lBLL01$h1955
=CAT  \\$aIPL-CLA$c20180930$lBLL01$h1515
=CAT  \\$aBATCH-UPD$b00$c20190829$lBLL01$h1558
=CAT  \\$aIPL-CLA$c20190930$lBLL01$h1652
=CAT  \\$aBATCH-UPD$b00$c20200219$lBLL01$h1544
=CAT  \\$aIPL-CLA$c20200331$lBLL01$h1629
=CAT  \\$aBATCH-UPD$b00$c20200522$lBLL01$h1521
=CAT  \\$aIPL-CLA$c20200701$lBLL01$h0114
=CAT  \\$aBATCH-UPD$b00$c20210226$lBLL01$h1105
=CAT  \\$aIPL-CLA$c20210331$lBLL01$h1702
=CAT  \\$aBATCH-UPD$b00$c20210707$lBLL01$h1627
=CAT  \\$aIPL-CLA$c20210707$lBLL01$h1844
=CAT  \\$aBATCH-UPD$b00$c20220520$lBLL01$h1708
=CAT  \\$aIPL-CLA$c20220630$lBLL01$h1539
=CAT  \\$aBATCH-UPD$b00$c20220824$lBLL01$h0931
=CAT  \\$aIPL-CLA$c20220930$lBLL01$h1428
=CFI  0\$aCurrent copyright fee: GBP48.33$c38\0$e01-oct-2022$fGBP48.33$g0$hP$5Uk
=CFI  2\$aPrevious copyright fee: GBP46.40$c38\0$e01-jul-2022$fGBP46.40$g0$hP$5Uk
=EST  \\$a1
=FFP  \\$aY$bBLDSS-3PM
=FIN  \\$aY$d20130718
=FMT  \\$a  SE
=LAS  \\$aIPL-CLA$b00$c20220930$lBLL01$h1428
=LKR  \\$aPAR$b016169225$lBLL01$nAnti-infective agents (Print)$mAnti-infective agents (Online)$r776
=LKR  \\$aPAR$b015962720$lBLL01$nAnti-infective agents in medicinal chemistry (Online)$mAnti-infective agents (Online)$r78000
=MNI  \\$a2211-3525
=TOC  \\$aETOC

