=LDR  01204 as a2200349 i 4500
=001  016263243
=003  Uk
=005  20130212080312.0
=007  ta
=008  130131c20uu9999enkgr\\\\\\\\\0\\\a0eng\\
=015  \\$aGBB309157$2bnb
=040  \\$aUk$beng$cUk$erda
=042  \\$aukblsr
=082  04$a796.35266$223
=245  00$aRyder Cup :$bthe definitive guide.
=246  18$aDefinitive guide to the ... Ryder Cup
=264  \1$aLondon :$bEMP
=300  \\$billustrations (colour), portraits (colour) ;$c28 cm
=310  \\$aBiennial
=336  \\$atext$2rdacontent
=337  \\$aunmediated$2rdamedia
=338  \\$avolume$2rdacarrier
=588  \\$aDescription based on: 2012.
=611  20$aRyder Cup (Golf tournament)$vPeriodicals.
=650  \0$aGolf$xTournaments$vPeriodicals.
=852  41$aBritish Library$bHMNTS$jZK.9.b.32629$32010-2016
=985  \\$aProbably related to ISSN record #011455323 but has been called "Bernard Gallacher's guide to the Ryder Cup" (cat. as mono.) at least between 1999 & 2001, so no links made
=CAT  \\$a8124$b40$c20130131$lBLL01$h1420
=CAT  \\$a8124$b40$c20130212$lBLL01$h0803
=FIN  \\$aY$d20130212
=FMT  \\$a  SE
=LAS  \\$a8124$b40$c20130212$lBLL01$h0803

