=LDR  01964cas a2200529 i 4500
=001  016271833
=003  Uk
=005  20201127135258.0
=006  m\\\\\\\\d\|\\\\\\
=007  cr||||||||||||
=008  130207c20149999enkbr\p\o\\\\\0\\\a0eng\\
=015  \\$aGBC0I1836$2bnb
=022  0\$a2052-2525
=040  \\$aUk$beng$cUk$erda
=042  \\$aukblsr
=082  04$a548.05$223
=210  0\$aIUCrJ
=222  \0$aIUCrJ
=245  00$aIUCrJ.
=246  3\$aInternational Union of Crystallography journal
=264  \1$aChester :$bInternational Union of Crystallography,$c2014-
=310  \\$aBimonthly
=336  \\$atext$2rdacontent
=337  \\$acomputer$2rdamedia
=338  \\$aonline resource$2rdacarrier
=362  0\$aJanuary 2014-
=500  \\$aTitle from contents page (publisher's website, viewed November 19, 2020).
=588  \\$aLatest issue consulted: volume 7, part 6 (November 2020) (viewed November 19, 2020).
=650  \0$aCrystallography$vPeriodicals.
=710  2\$aInternational Union of Crystallography,$eissuing body.
=852  41$aBritish Library$bHMNTS$jELD Digital store$3Volume 1:Part 1(2014)-
=856  40$uhttp://journals.iucr.org/m/$xOA-J
=859  \\$aELD$bejournal
=985  \\$aISSN description based on: volume 1, part 1 (January 2014) (title from first issue editorial, viewed via publisher's website, January 14, 2014)
=985  \\$aISSN UK Centre note: ROAD OA
=985  \\$aISSN responsbility is ISSN International Centre. 27.11.2020
=CAT  \\$a11315$b40$c20130207$lBLL01$h0959
=CAT  \\$a10806$b40$c20140114$lBLL01$h1602
=CAT  \\$a10806$b40$c20140114$lBLL01$h1605
=CAT  \\$a10806$b40$c20140114$lBLL01$h1606
=CAT  \\$a8124$b40$c20201119$lBLL01$h1010
=CAT  \\$a7152$b40$c20201127$lBLL01$h1352
=FIN  \\$aY$d20140114
=FMT  \\$a  SE
=LAS  \\$a7152$b40$c20201127$lBLL01$h1352
=LET  \0$aIUCrJ. International Union of Crystallography journal (Electronic)
=MNI  \\$a2052-2525

