=LDR  03094 as a2200661 i 4500
=001  016296046
=003  Uk
=005  20141127092538.0
=007  ta
=008  130307d20132013enkqr\p\\\s\\\0\\\a0eng\\
=015  \\$aGBB320721$2bnb
=040  \\$aUk$beng$cUk$dUk$erda
=042  \\$aukblsr
=082  04$a338.47610284097$223
=245  00$aMedical device intelligence report.$pNorth America.
=246  30$aNorth America
=264  \1$aChichester :$bEspicom,$c2013.
=300  \\$a2 volumes :$billustrations (black and white) ;$c30 cm.
=310  \\$aQuarterly
=336  \\$atext$2rdacontent
=337  \\$aunmediated$2rdamedia
=338  \\$avolume$2rdacarrier
=362  0\$a2013/Q1-2013/Q2.
=490  1\$aMedical device intelligence report,$x0957-8072
=500  \\$aConsists of individual country reports arranged alphabetically.
=530  \\$aAlso issued online as individual country reports.
=580  \\$aContinued online as series of medical devices reports for individual countries.
=650  \0$aMedical instruments and apparatus industry$zUnited States$xStatistics$vPeriodicals.
=650  \0$aMedical supplies$zUnited States$xStatistics$vPeriodicals.
=650  \0$aMarket surveys$zUnited States$vPeriodicals.
=650  \0$aMedical instruments and apparatus industry$zCanada$xStatistics$vPeriodicals.
=650  \0$aMedical supplies$zCanada$xStatistics$vPeriodicals.
=650  \0$aMarket surveys$zCanada$vPeriodicals.
=690  7\$aManagement and Business Studies$2blcoll
=710  2\$aEspicom Business Intelligence.
=780  01$tMedical market intelligence reports. The Americas (2012)
=787  0\$tMedical device intelligence report. Latin America
=830  \0$aMedical device intelligence report,$x2052-2770.
=852  11$aBritish Library$bSTI$cBIPC$k(B) MKT$h338.47610284$mBusiness$3Quarter 1 (2013)- q. 2 (2013)***Title now taken as electronic copy
=985  \\$aCataloguer note: Incorrect series ISSN transcribed from issue (correct series ISSN is 2052-2770 - see BIB 016289927) (Richard Brown (Leeds), 07/03/13)
=CAT  \\$a10806$b40$c20130307$lBLL01$h0944
=CAT  \\$a10806$b40$c20130307$lBLL01$h0948
=CAT  \\$a10806$b40$c20130307$lBLL01$h0953
=CAT  \\$a10806$b40$c20130307$lBLL01$h0955
=CAT  \\$a10806$b40$c20130307$lBLL01$h1034
=CAT  \\$a10806$b40$c20130307$lBLL01$h1041
=CAT  \\$a10806$b40$c20130307$lBLL01$h1144
=CAT  \\$a10806$b40$c20130307$lBLL01$h1212
=CAT  \\$a10806$b40$c20130314$lBLL01$h0956
=CAT  \\$aBATCH-MBS$c20130809$lBLL01$h2120
=CAT  \\$a11316$b40$c20141127$lBLL01$h0925
=CAT  \\$aBATCH-UPD$b40$c20180803$lBLL01$h2109
=FIN  \\$aY$d20130314
=FMT  \\$a  SE
=LAS  \\$aBATCH-UPD$b40$c20180803$lBLL01$h2109
=LET  \0$aNorth America medical device intelligence report
=LKR  \\$aPAR$b016095858$lBLL01$r78001$mMedical device intelligence report. North America$nMedical market intelligence reports. The Americas (2012)
=LKR  \\$aPAR$b016296078$lBLL01$r7870$mMedical device intelligence report. North America$nMedical device intelligence report. Latin America

