=LDR  02635 as a2200601 i 4500
=001  016296078
=003  Uk
=005  20141127091152.0
=007  ta
=008  130307d20132013enkqr\p\\\s\\\0\\\a0eng\\
=015  \\$aGBB320727$2bnb
=040  \\$aUk$beng$cUk$erda
=042  \\$aukblsr
=082  04$a338.47610284098$223
=245  00$aMedical device intelligence report.$pLatin America.
=246  30$aLatin America
=264  \1$aChichester :$bEspicom,$c2013.
=300  \\$billustrations (black and white) ;$c30 cm.
=310  \\$aQuarterly
=336  \\$atext$2rdacontent
=337  \\$aunmediated$2rdamedia
=338  \\$avolume$2rdacarrier
=362  0\$a2013/Q1-2013/Q2.
=490  1\$aMedical device intelligence report,$x0957-8072
=500  \\$aIssued in two parts.
=500  \\$aConsists of individual country reports arranged alphabetically.
=530  \\$aAlso issued online as individual country reports.
=580  \\$aContinued online as series of medical devices reports for individual countries.
=650  \0$aMedical instruments and apparatus industry$zLatin America$xStatistics$vPeriodicals.
=650  \0$aMedical supplies$zLatin America$xStatistics$vPeriodicals.
=650  \0$aMarket surveys$zLatin America$vPeriodicals.
=690  7\$aManagement and Business Studies$2blcoll
=710  2\$aEspicom Business Intelligence.
=780  01$tMedical market intelligence reports. The Americas (2012)
=787  0\$tMedical device intelligence report. North America
=830  \0$aMedical device intelligence report,$x2052-2770.
=852  11$aBritish Library$bSTI$cBIPC$k(B) MKT$h338.47610284098$mBusiness$3Quarter 1 (2013)-quarter 2 (2013)***Current issue
=985  \\$aCataloguer note: Incorrect series ISSN transcribed from issue (correct series ISSN is 2052-2770 - see BIB 016289927) (Richard Brown (Leeds), 07/03/13)
=CAT  \\$a10806$b40$c20130307$lBLL01$h1040
=CAT  \\$a10806$b40$c20130307$lBLL01$h1046
=CAT  \\$a10806$b40$c20130307$lBLL01$h1144
=CAT  \\$a10806$b40$c20130307$lBLL01$h1212
=CAT  \\$a10806$b40$c20130314$lBLL01$h0957
=CAT  \\$aBATCH-MBS$c20130906$lBLL01$h2123
=CAT  \\$a11316$b40$c20141125$lBLL01$h1229
=CAT  \\$a11316$b40$c20141125$lBLL01$h1231
=CAT  \\$a11316$b40$c20141125$lBLL01$h1311
=CAT  \\$a11316$b40$c20141127$lBLL01$h0911
=FIN  \\$aY$d20130314
=FMT  \\$a  SE
=LAS  \\$a11316$b40$c20141127$lBLL01$h0911
=LET  \0$aLatin America medical device intelligence report
=LKR  \\$aPAR$b016095858$lBLL01$r78001$mMedical device intelligence report. Latin America$nMedical market intelligence reports. The Americas (2012)

