=LDR  02546 as a2200577 i 4500
=001  016296149
=003  Uk
=005  20141127092053.0
=007  ta
=008  130307d20132013enkqr\p\\\s\\\0\\\a0eng\\
=015  \\$aGBB320738$2bnb
=040  \\$aUk$beng$cUk$dUk$erda
=042  \\$aukblsr
=082  04$a338.47610284094$223
=245  00$aMedical device intelligence report.$pWestern Europe.
=246  30$aWestern Europe
=264  \1$aChichester :$bEspicom,$c2013.
=300  \\$billustrations (black and white) ;$c30 cm.
=310  \\$aQuarterly
=336  \\$atext$2rdacontent
=337  \\$aunmediated$2rdamedia
=338  \\$avolume$2rdacarrier
=362  0\$aQ1 (2013)-
=362  1\$aCeased in 2013.
=490  1\$aMedical device intelligence report,$x0957-8072
=500  \\$aIssued in three parts.
=500  \\$aConsists of individual country reports arranged alphabetically.
=530  \\$aAlso issued online as individual country reports.
=580  \\$aContinued online as series of medical devices reports for individual countries.
=650  \0$aMedical instruments and apparatus industry$zEurope, Western$xStatistics$vPeriodicals.
=650  \0$aMedical supplies$zEurope, Western$xStatistics$vPeriodicals.
=650  \0$aMarket surveys$zEurope, Western$vPeriodicals.
=690  7\$aManagement and Business Studies$2blcoll
=710  2\$aEspicom Business Intelligence.
=780  00$tMedical market intelligence reports. Western Europe$x2043-0930
=830  \0$aMedical device intelligence report,$x2052-2770.
=852  11$aBritish Library$bSTI$cBIPC$k(B) MKT$h338.4761028094$mBusiness$3Quarter 1 (2013)***Title now taken as electronic copy only***Current issue
=985  \\$aCataloguer note: Incorrect series ISSN transcribed from issue (correct series ISSN is 2052-2770 - see BIB 016289927) (Richard Brown (Leeds), 07/03/13)
=CAT  \\$a10806$b40$c20130307$lBLL01$h1136
=CAT  \\$a10806$b40$c20130307$lBLL01$h1137
=CAT  \\$a10806$b40$c20130307$lBLL01$h1145
=CAT  \\$a10806$b40$c20130307$lBLL01$h1211
=CAT  \\$a10806$b40$c20130314$lBLL01$h1028
=CAT  \\$aBATCH-MBS$c20130906$lBLL01$h2123
=CAT  \\$a11316$b40$c20141127$lBLL01$h0920
=CAT  \\$aBATCH-UPD$b40$c20150914$lBLL01$h0441
=FIN  \\$aY$d20130314
=FMT  \\$a  SE
=LAS  \\$aBATCH-UPD$b40$c20150914$lBLL01$h0441
=LET  \0$aWestern Europe medical device intelligence report
=LKR  \\$aPAR$b015472763$lBLL01$r78000$mMedical device intelligence report. Western Europe$nMedical market intelligence reports. Western Europe

