=LDR  02941 as a2200613 i 4500
=001  016296229
=003  Uk
=005  20141127091439.0
=007  ta
=008  130307d20132013enkqr\p\\\s\\\0\\\a0eng\\
=015  \\$aGBB325665$2bnb
=040  \\$aUk$beng$cUk$dUk$erda
=042  \\$aukblsr
=082  04$a338.476102840956$223
=245  00$aMedical device intelligence report.$pMiddle East & Africa.
=246  30$aMiddle East & Africa
=264  \1$aChichester :$bEspicom,$c2013.
=300  \\$a2 volumes :$billustrations (black and white) ;$c30 cm.
=310  \\$aQuarterly
=336  \\$atext$2rdacontent
=337  \\$aunmediated$2rdamedia
=338  \\$avolume$2rdacarrier
=362  0\$a2013/Q1-2013/Q2.
=490  1\$aMedical device intelligence report,$x0957-8072
=500  \\$aIssued in two parts.
=500  \\$aConsists of individual country reports arranged alphabetically.
=530  \\$aAlso issued online as individual country reports.
=580  \\$aContinued online as series of medical devices reports for individual countries.
=650  \0$aMedical instruments and apparatus industry$zMiddle East$xStatistics$vPeriodicals.
=650  \0$aMedical supplies$zMiddle East$xStatistics$vPeriodicals.
=650  \0$aMarket surveys$zMiddle East$vPeriodicals.
=650  \0$aMedical instruments and apparatus industry$zSouth Africa$xStatistics$vPeriodicals.
=650  \0$aMedical supplies$zSouth Africa$xStatistics$vPeriodicals.
=650  \0$aMarket surveys$zSouth Africa$vPeriodicals.
=650  \0$aMedical instruments and apparatus industry$zAfrica, North$xStatistics$vPeriodicals.
=650  \0$aMedical supplies$zAfrica, North$xStatistics$vPeriodicals.
=650  \0$aMarket surveys$zAfrica, North$vPeriodicals.
=690  7\$aManagement and Business Studies$2blcoll
=710  2\$aEspicom Business Intelligence.
=780  00$tMedical market intelligence reports. Middle East & Africa$x2043-0906
=830  \0$aMedical device intelligence report,$x2052-2770.
=852  11$aBritish Library$bSTI$cBIPC$k(B) MKT$h338.47610280956$mBusiness$3Quarter 1 (2013)-quarter 2 (2013)***Title now taken as electronic copy only***Current issue
=985  \\$aCataloguer note: Incorrect series ISSN transcribed from issue (correct series ISSN is 2052-2770 - see BIB 016289927) (Richard Brown (Leeds), 07/03/13)
=CAT  \\$a10806$b40$c20130307$lBLL01$h1328
=CAT  \\$a10806$b40$c20130314$lBLL01$h0953
=CAT  \\$aBATCH-MBS$c20130906$lBLL01$h2123
=CAT  \\$a11316$b40$c20141127$lBLL01$h0907
=CAT  \\$a11316$b40$c20141127$lBLL01$h0914
=CAT  \\$aBATCH-UPD$b40$c20150914$lBLL01$h0441
=FIN  \\$aY$d20130314
=FMT  \\$a  SE
=LAS  \\$aBATCH-UPD$b40$c20150914$lBLL01$h0441
=LET  \0$aMiddle East & Africa medical device intelligence report
=LKR  \\$aPAR$b015472623$lBLL01$r78000$mMedical device intelligence report. Middle East & Africa$nMedical market intelligence reports. Middle East & Africa

