=LDR  04043cas a2200949 i 4500
=001  016297127
=003  Uk
=005  20230530125710.0
=006  m\\\\\\\\d\\\\\\\\
=007  cr\|||||||||||
=008  130308c19329999nyuqr\p\s\\\\\0\\\a0eng\\
=015  \\$aGBB430882$2bnb
=022  0\$a2167-4086
=037  3\$aISSN_00332828_21$bPortico$nTaylor & Francis
=037  \\$aISSN_00332828$bPortico$nWiley
=040  \\$aUk$beng$cUk$erda
=042  \\$aukblsr
=082  04$a616.8917$223
=210  0\$aPsychoanal. q.$b(Online)
=222  \4$aThe Psychoanalytic quarterly$b(Online)
=245  04$aThe Psychoanalytic quarterly.
=264  \1$a[New York] :$bWiley-Blackwell
=264  31$a[United States?] :$bRoutledge, Taylor & Francis
=310  \\$aQuarterly
=336  \\$atext$2rdacontent
=337  \\$acomputer$2rdamedia
=338  \\$aonline resource$2rdacarrier
=362  1\$aPrint began with: volume 1 (April 1932).
=540  \\$aCurrent copyright fee: GBP37.00$c2\0$5Uk
=588  \\$aDescription based on: volume LXVIII, issue 2 (April 1999); title from PDF article running title (Wiley Online Library, viewed March 21, 2013).
=588  \\$aLatest issue consulted: volume 87, issue 4 (2018) (viewed February 14, 2019).
=650  \0$aPsychoanalysis$vPeriodicals.
=776  08$iAlso issued in print as:$tPsychoanalytic quarterly$x0033-2828
=852  41$aBritish Library$bHMNTS$jELD Digital store$3Volume 82:Number 1(2013:Jan.)-***Previous issues available in print copy
=852  41$aBritish Library$bDSC$j6946.270000$3Volume 82:Issue 1(2013)-Volume 86:Issue 4(2017)***See ESTAR for full holdings.
=856  \\$31850-9999$uhttp://onlinelibrary.wiley.com/$xBLDSS
=856  40$uhttp://onlinelibrary.wiley.com/journal/10.1002/(ISSN)2167-4086/
=859  \\$aELD$bejournal
=945  \\$aPsychoanalytic quarterly.
=959  \\$fHeld but not currently received
=985  \\$aOnly published by Wiley since 2013, but has issues back to 1999.
=985  \\$aISSN UK - T&F from 2018?
=ACF  \\$aPrevious copyright fee: GBP24.00$c35\0$e01-mar-2015$fGBP24.00$g0$hP$5Uk
=ACF  \\$aPrevious copyright fee: GBP22.00$c35\0$e08-mar-2013$fGBP22.00$g0$hP$5Uk
=CAT  \\$a12654$b40$c20130308$lBLL01$h1347
=CAT  \\$a8124$b40$c20130321$lBLL01$h1515
=CAT  \\$a8124$b40$c20130321$lBLL01$h1516
=CAT  \\$a8124$b40$c20130328$lBLL01$h0740
=CAT  \\$aBATCH-CLA$b00$c20130526$lBLL01$h1633
=CAT  \\$a8323$b40$c20140313$lBLL01$h1126
=CAT  \\$a10983$b40$c20140326$lBLL01$h1022
=CAT  \\$aBLDSS-3PM$b00$c20141214$lBLL01$h1527
=CAT  \\$aBATCH-UPD$b00$c20150215$lBLL01$h1706
=CAT  \\$aIPL-CLA$c20150228$lBLL01$h2057
=CAT  \\$aBATCH-UPD$b00$c20160615$lBLL01$h0155
=CAT  \\$a10806$b40$c20171205$lBLL01$h1349
=CAT  \\$aW1711-1005$c20171206$lBLL01$h1825
=CAT  \\$aBATCH-UPD$b00$c20180219$lBLL01$h1756
=CAT  \\$aBATCH-UPD$b00$c20181121$lBLL01$h1626
=CAT  \\$a8055$b40$c20181129$lBLL01$h1300
=CAT  \\$a8055$b40$c20181129$lBLL01$h1320
=CAT  \\$a8483$b40$c20190214$lBLL01$h0951
=CAT  \\$a15190$b40$c20190515$lBLL01$h1346
=CAT  \\$a5410$b40$c20191210$lBLL01$h1133
=CAT  \\$a5552$b40$c20210209$lBLL01$h0759
=CAT  \\$a12654$b40$c20210513$lBLL01$h0852
=CAT  \\$a5410$b40$c20220303$lBLL01$h1525
=CAT  \\$a6811$b40$c20221102$lBLL01$h1418
=CAT  \\$aBATCH-FIX$c20230511$lBLL01$h1630
=CAT  \\$a8055$b40$c20230530$lBLL01$h1257
=CFI  0\$aCurrent copyright fee: GBP37.00$c2\0$e30-may-2023$fGBP37.00$g0$hP$5Uk
=CFI  2\$aPrevious copyright fee: GBP34.00$c2\0$e09-feb-2021$fGBP34.00$g0$hP$5Uk
=CFI  2\$aPrevious copyright fee: GBP30.00$c2\0$e29-nov-2018$fGBP30.00$g0$hP$5Uk
=EST  \\$a1
=FFP  \\$aY$bBLDSS-3PM
=FIN  \\$aY$d20130328
=FMT  \\$a  SE
=LAS  \\$a8055$b40$c20230530$lBLL01$h1257
=LKR  \\$aPAR$b008545185$lBLL01$r776$mThe Psychoanalytic quarterly (Online)$nThe Psychoanalytic quarterly (Print)
=MNI  \\$a0033-2828
=TCO  \\$aTRS$bCCC$c008
=TOC  \\$aETOC

