=LDR  04538cas a2201009 a 4500
=001  016298246
=003  Uk
=005  20230505134503.0
=006  m\\\\\o\\d\\\\\\\\
=007  cr\|||||||||||
=008  000702c19939999xxuqr\p\o\\\\\0\\\a0eng\\
=010  \\$a2012200470
=015  \\$aGBB440570$2bnb
=022  0\$a2168-9830
=030  \\$aJEEDEQ
=035  \\$a(OCoLC)44519021$z(OCoLC)297255175$z(OCoLC)607387530$z(OCoLC)705786326$z(OCoLC)765925486
=037  \\$aISSN_10694730$bPortico$nWiley
=040  \\$aHNK$beng$cHNK$dOCLCQ$dTXJ$dOCLCE$dOKC$dOCLCQ$dOCL$dTXA$dTOH$dOCLCQ$dDLC$dOCLCQ$dUk
=042  \\$aukblsr
=082  04$a620.00711$223
=130  0\$aJournal of engineering education (Washington, DC : Online)
=222  \0$aJournal of engineering education$b(Washington, DC : Online)
=245  10$aJournal of engineering education$h[electronic resource] /$cAmerican Society for Engineering Education.
=246  13$aJEE
=260  \\$a[Washington, D.C. :$bAmerican Society for Engineering Education]
=264  31$a[Hoboken] :$bJohn Wiley & Sons, Inc.
=310  \\$aQuarterly
=336  \\$atext$2rdacontent
=337  \\$acomputer$2rdamedia
=338  \\$aonline resource$2rdacarrier
=362  1\$aPrint began with: Vol. 82, no. 1 (Jan. 1993).
=500  \\$a"The research journal for engineering education."
=540  \\$aCurrent copyright fee: GBP39.00$c35\0$5Uk
=588  \\$aDescription based on: Vol. 82, no. 1 (Jan. 1993); title from PDF article running title (JEE site, viewed Apr. 6, 2012).
=588  \\$aLatest issue consulted: volume 103, issue 1 (January 2014) (Wiley Online Library, viewed April 11, 2014).
=650  \0$aEngineering$xStudy and teaching (Higher)$vPeriodicals.
=710  2\$aAmerican Society for Engineering Education.
=776  08$iPrint version:$tJournal of engineering education (Washington, D.C.)$x1069-4730
=780  00$tEngineering education
=852  41$aBritish Library$bHMNTS$jELD Digital store$3Volume 102:Issue 1(2013:Jan.)-***Previous issues available in print
=852  41$aBritish Library$bDSC$j4979.000000$3Volume 101:Issue 1(2012)-Volume 106:Issue 4(2017)***See ESTAR for full holdings.
=856  \\$31850-9999$uhttp://onlinelibrary.wiley.com/$xBLDSS
=856  4\$uhttp://www.jee.org
=856  40$uhttp://onlinelibrary.wiley.com/journal/10.1002/(ISSN)2168-9830
=859  \\$aELD$bejournal
=945  \\$aJournal of engineering education
=959  \\$fHeld but not currently received
=979  \\$aBritish Library$bDSC$j4979.000000
=985  \\$aISSN Portal record is Work level therefore 222 Key title field is not included in this record.
=ACF  \\$aPrevious copyright fee: GBP22.00$c35\0$e11-mar-2013$fGBP22.00$g0$hP$5Uk
=ACF  \\$aPrevious copyright fee: GBP24.00$c35\0$e01-mar-2015$fGBP24.00$g0$hP$5Uk
=ACF  \\$aPrevious copyright fee: GBP28.00$c35\0$e01-jan-2019$fGBP28.00$g0$hP$5Uk
=CAT  \\$a12654$b40$c20130311$lBLL01$h1245
=CAT  \\$a12654$b40$c20130311$lBLL01$h1246
=CAT  \\$a11316$b40$c20130425$lBLL01$h1120
=CAT  \\$aBATCH-CLA$b00$c20130526$lBLL01$h1648
=CAT  \\$a8311$b40$c20140404$lBLL01$h1449
=CAT  \\$a8323$b40$c20140411$lBLL01$h1151
=CAT  \\$aBLDSS-3PM$b00$c20141214$lBLL01$h1527
=CAT  \\$aBATCH-UPD$b00$c20150215$lBLL01$h1706
=CAT  \\$aIPL-CLA$c20150228$lBLL01$h2057
=CAT  \\$aBATCH-UPD$b00$c20160531$lBLL01$h1551
=CAT  \\$aW1711-1005$c20171206$lBLL01$h1825
=CAT  \\$aBATCH-UPD$b00$c20180219$lBLL01$h1756
=CAT  \\$aW1805-0471$c20180520$lBLL01$h1140
=CAT  \\$aBATCH-UPD$b00$c20181121$lBLL01$h1626
=CAT  \\$aIPL-CLA$c20181231$lBLL01$h1552
=CAT  \\$aR1911-0245$c20191127$lBLL01$h0823
=CAT  \\$aR1911-0245$c20191127$lBLL01$h1045
=CAT  \\$aIPL-CLA$c20191231$lBLL01$h2034
=CAT  \\$aW2111-0842$c20211208$lBLL01$h1943
=CAT  \\$aIPL-CLA$c20211231$lBLL01$h1545
=CAT  \\$a5410$b40$c20230415$lBLL01$h1651
=CAT  \\$a14586$b40$c20230505$lBLL01$h1345
=CFI  0\$aCurrent copyright fee: GBP39.00$c35\0$e01-jan-2022$fGBP39.00$g0$hP$5Uk
=CFI  2\$aPrevious Copyright Fee: GBP32.00$c35\0$e01-jan-2020$fGBP32.00$g0$hP$5Uk
=EST  \\$a1
=FFP  \\$aY$bBLDSS-3PM
=FIN  \\$aY$d20130425
=FMT  \\$a  SE
=LAS  \\$a14586$b40$c20230505$lBLL01$h1345
=LKR  \\$aPAR$b010489358$lBLL01$r776$mJournal of engineering education (Online)$nJournal of engineering education (Print)
=MNI  \\$a1069-4730
=SID  \\$aZ39$bOCLC
=TCO  \\$aTRS$bCCC$c008
=TOC  \\$aETOC
=UNO  \\$aY

