=LDR  03674cas a2200913 i 4500
=001  016304975
=003  Uk
=005  20200217145636.0
=006  m\\\\\\\\d\|\\\\\\
=007  cr||||||||||||
=008  130321c20149999enk\x\p\o\\\\\0\\\a0eng\\
=015  \\$aGBB452574$2bnb
=022  \\$a2052-4986
=037  3\$aISSN_20524986_2$bPortico$nWiley
=037  \\$atlms$bOxford University Press
=037  2\$aISSN_20524986$bPortico$nOxford University Press
=040  \\$aUk$beng$cUk$erda
=042  \\$aukblsr
=082  04$a510.5$223
=210  0\$aTrans. Lond. Math. Soc.
=222  \0$aTransactions of the London Mathematical Society
=245  00$aTransactions of the London Mathematical Society.
=264  \1$a[Oxford] :$bOxford University Press,$c2014-
=264  31$a[Oxford] :$bJohn Wiley & Sons, Inc.
=336  \\$atext$2rdacontent
=337  \\$acomputer$2rdamedia
=338  \\$aonline resource$2rdacarrier
=362  0\$aVolume 1, issue 1 (2014)-
=500  \\$aTitle from HTML banner (Oxford Journals, viewed May 20, 2014).
=500  \\$aPublished on behalf of London Mathematical Society.
=515  \\$aArticles added on individual basis as accepted.
=540  \\$aCurrent Copyright Fee: zero$c35\0$5Uk
=588  \\$aLatest issue consulted: volume 5, issue 1 (December 2018); Wiley Online Library, viewed May 16, 2019.
=650  \0$aMathematics$vPeriodicals.
=710  2\$aLondon Mathematical Society,$eissuing body.
=852  41$aBritish Library$bHMNTS$jELD Digital store$3Volume 1:Number 1(2014)-
=856  \\$31850-9999$uhttp://onlinelibrary.wiley.com/$xBLDSS
=856  40$uhttp://tlms.oxfordjournals.org/content/by/year$xOA-J
=856  40$uhttps://londmathsoc.onlinelibrary.wiley.com/journal/20524986$xOA-J
=859  \\$aELD$bejournal
=945  \\$aTransactions- London Mathematical Society.
=959  \\$fHeld but not currently received
=979  \\$aBritish Library$bDSC$j8980.710000N
=985  \\$aISSN UK Centre note: ROAD OA
=ACF  \\$aPrevious Copyright Fee: GBP24.00$c35\0$e06-jan-2017$fGBP24.00$g0$hP$5Uk
=CAT  \\$a11313$b40$c20130321$lBLL01$h1107
=CAT  \\$a10902$b40$c20131207$lBLL01$h0856
=CAT  \\$a11316$b40$c20140520$lBLL01$h0943
=CAT  \\$a11316$b40$c20140520$lBLL01$h0946
=CAT  \\$aBATCH-UPD$b40$c20141124$lBLL01$h0043
=CAT  \\$aBATCH-UPD$b40$c20161128$lBLL01$h0532
=CAT  \\$a6790$b40$c20161201$lBLL01$h1420
=CAT  \\$a5552$b40$c20170106$lBLL01$h0851
=CAT  \\$aBLDSS-3PM$b00$c20170116$lBLL01$h1615
=CAT  \\$aBATCH-UPD$b00$c20170116$lBLL01$h1616
=CAT  \\$a10983$b40$c20170605$lBLL01$h1232
=CAT  \\$aW1711-1005$c20171206$lBLL01$h1825
=CAT  \\$a11313$b40$c20180129$lBLL01$h1617
=CAT  \\$aBATCH-UPD$b40$c20180219$lBLL01$h1756
=CAT  \\$aBATCH-UPD$b40$c20181121$lBLL01$h1626
=CAT  \\$aIPL-CLA$c20181231$lBLL01$h1552
=CAT  \\$a11205$b40$c20190516$lBLL01$h1607
=CAT  \\$a15005$b40$c20191014$lBLL01$h1217
=CAT  \\$a15005$b40$c20191015$lBLL01$h1537
=CAT  \\$aR1911-0245$c20191127$lBLL01$h1037
=CAT  \\$aIPL-CLA$c20191231$lBLL01$h2034
=CAT  \\$a5410$b40$c20200205$lBLL01$h0856
=CAT  \\$a5410$b40$c20200210$lBLL01$h1250
=CAT  \\$a5410$b40$c20200217$lBLL01$h1456
=CFI  0\$aCurrent Copyright Fee: zero$c35\0$e01-jan-2020$fGBP0.00$g0$hP$5Uk
=CFI  2\$aPrevious copyright fee: GBP28.00$c35\0$e01-jan-2019$fGBP28.00$g0$hP$5Uk
=FFP  \\$aY$bBLDSS-3PM
=FIN  \\$aY$d20140520
=FMT  \\$a  SE
=LAS  \\$a5410$b40$c20200217$lBLL01$h1456
=LET  \0$aTransactions of the London Mathematical Society (Electronic)
=MNI  \\$a2052-4986
=TOC  \\$aETOC
=UNO  \\$aY

