=LDR  05217cas a2201165 a 4500
=001  016306439
=003  Uk
=005  20221231145147.0
=006  m\\\\fo\\d\\\\\\\\
=007  cr\|||||||||||
=008  080102c19749999enkqr\p\o\\\\\0\\\a0eng\d
=010  \\$a2012202975
=015  \\$aGBB349476$2bnb
=022  \\$a2168-1074$y0307-1375
=035  \\$a(OCoLC)186383002
=037  \\$bPortico$aISSN_03071375$nTaylor & Francis
=040  \\$aOCLCS$beng$cOCLCS$dOCLCS$dOCLCQ$dDLC$dTXA$dUk
=042  \\$amsc
=043  \\$ae-uk---
=050  \4$aSB435$b.A72
=082  04$a634.9$223
=130  0\$aArboricultural journal (Online)
=222  \0$aArboricultural journal$b(Online)
=245  14$aThe arboricultural journal$h[electronic resource] :$bthe international journal of urban forestry.
=260  \\$a[Northwood, Middx. :$bArboricultural Association]
=260  2\$3<1997>-2011:$a[Bicester] :$bAB Academic Publishers
=260  3\$32012- :$a[Abingdon] :$bTaylor & Francis
=300  \\$billustrations (black and white, and colour)
=310  \\$aQuarterly
=321  \\$aSemiannual
=336  \\$atext$2rdacontent
=337  \\$acomputer$2rdamedia
=338  \\$aonline resource$2rdacarrier
=362  1\$aPrint began with: Vol. 2, no. 7 (Sept. 1974).
=540  \\$aCurrent copyright fee: GBP43.00$c2\0$5Uk
=580  \\$aIncludes issues of earlier title: Arboricultural Association journal.
=588  \\$aDescription based on: Vol. 27, no. 1 (1997); title from PDF article running title (Taylor & Francis, viewed June 7, 2012).
=588  \\$aLatest issue consulted: volume 37, number 2 (2015) (viewed December 22, 2015).
=650  \0$aArboriculture$vPeriodicals.
=650  \0$aTrees$vPeriodicals.
=650  \0$aTrees$zGreat Britain$vPeriodicals.
=710  2\$aArboricultural Association.
=776  08$iPrint version:$tArboricultural journal$x0307-1375
=780  10$tArboricultural Association journal
=852  41$aBritish Library$bHMNTS$jELD Digital store$3Volume 38:Issue 1(2016)-***Previous issues available in print copy
=852  41$aBritish Library$bDSC$j1593.810000$3Volume 35:Issue 1(2013)-Volume 36:Issue 4(2014)***See ESTAR for full holdings.
=856  40$uhttp://www.tandfonline.com/TARB
=856  40$uhttp://search.ebscohost.com/direct.asp?db=eih&jid=LYD&scope=site
=856  \\$31850-9999$uhttp://www.tandfonline.com/$xBLDSS
=859  \\$aELD$bejournal
=945  \\$aArboricultural journal
=959  \\$fHeld but not currently received
=985  \\$aISSN from nsdp derived record. Key title not used, as ISSN still work record on Portal
=ACF  \\$aPrevious copyright fee: GBP27.50$c2\0$e25-mar-2013$fGBP27.50$g0$hP$5Uk
=ACF  \\$aPrevious copyright fee: GBP28.00$c2\0$e01-jan-2014$fGBP28.00$g0$hP$5Uk
=ACF  \\$aPrevious copyright fee: GBP30.00$c2\0$e01-jan-2015$fGBP30.00$g0$hP$5Uk
=ACF  \\$aPrevious copyright fee: GBP34.00$c2\0$e01-jan-2016$fGBP34.00$g0$hP$5Uk
=ACF  \\$aPrevious copyright fee: GBP31.00$c2\0$e01-apr-2016$fGBP31.00$g0$hP$5Uk
=ACF  \\$aPrevious copyright fee: GBP33.00$c2\0$e01-jan-2017$fGBP33.00$g0$hP$5Uk
=ACF  \\$aPrevious copyright fee: GBP35.00$c2\0$e01-jan-2018$fGBP35.00$g0$hP$5Uk
=ACF  \\$aPrevious copyright fee: GBP37.00$c2\0$e01-jan-2019$fGBP37.00$g0$hP$5Uk
=ACF  \\$aPrevious copyright fee: GBP39.00$c2\0$e01-jan-2020$fGBP39.00$g0$hP$5Uk
=CAT  \\$a12654$b40$c20130325$lBLL01$h0935
=CAT  \\$aBATCH-UPD$b00$c20141124$lBLL01$h1756
=CAT  \\$aBLDSS-3PM$b00$c20141130$lBLL01$h1251
=CAT  \\$aCDS15-UPD$b40$c20141130$lBLL01$h1854
=CAT  \\$aIPL-CLA$c20141231$lBLL01$h1703
=CAT  \\$aBATCH-UPD$b00$c20151119$lBLL01$h1536
=CAT  \\$a11296$b40$c20151203$lBLL01$h1127
=CAT  \\$a8323$b40$c20151222$lBLL01$h1007
=CAT  \\$aIPL-CLA$c20151231$lBLL01$h1935
=CAT  \\$a8037$b40$c20160122$lBLL01$h0920
=CAT  \\$a5552$b40$c20160229$lBLL01$h1432
=CAT  \\$aIPL-CLA$c20160331$lBLL01$h1811
=CAT  \\$aBATCH-UPD$b00$c20160613$lBLL01$h1149
=CAT  \\$aBATCH-UPD$b00$c20161122$lBLL01$h1506
=CAT  \\$aIPL-CLA$c20161231$lBLL01$h0010
=CAT  \\$aBATCH-UPD$b00$c20171121$lBLL01$h1656
=CAT  \\$aW1711-1005$c20171206$lBLL01$h1825
=CAT  \\$aIPL-CLA$c20171231$lBLL01$h1818
=CAT  \\$aBATCH-UPD$b00$c20181217$lBLL01$h1645
=CAT  \\$aIPL-CLA$c20181231$lBLL01$h1552
=CAT  \\$aBATCH-UPD$b00$c20191122$lBLL01$h1907
=CAT  \\$aIPL-CLA$c20191231$lBLL01$h2034
=CAT  \\$aBATCH-UPD$b00$c20201118$lBLL01$h1342
=CAT  \\$aIPL-CLA$c20201231$lBLL01$h1532
=CAT  \\$aBATCH-UPD$b00$c20221121$lBLL01$h1340
=CAT  \\$aIPL-CLA$c20221231$lBLL01$h1451
=CFI  0\$aCurrent copyright fee: GBP43.00$c2\0$e01-jan-2023$fGBP43.00$g0$hP$5Uk
=CFI  2\$aPrevious copyright fee: GBP41.00$c2\0$e01-jan-2021$fGBP41.00$g0$hP$5Uk
=EST  \\$a1
=FFP  \\$aY$bBLDSS-3PM
=FIN  \\$aY$d20130502
=FMT  \\$a  SE
=LAS  \\$aIPL-CLA$b00$c20221231$lBLL01$h1451
=LET  \4$aThe arboricultural journal (Electronic)
=LKR  \\$aPAR$b008887554$lBLL01$r776$mThe arboricultural journal (Online)$nThe arboricultural journal (Print)
=MNI  \\$a0307-1375
=SID  \\$aZ39$bOCLC
=TOC  \\$aETOC

