=LDR  01503 as a2200409 i 4500
=001  016312806
=003  Uk
=005  20130410091517.0
=007  ta
=008  130404c20119999si\qr\p\\\\\\\0\\\a0eng\\
=040  \\$aUk$beng$cUk$erda
=042  \\$aukblsr
=082  04$a004$223
=245  00$aGSTF journal on computing.
=246  3\$aGlobal Science and Technology Forum journal on computing
=246  18$aGSTF international journal on computing
=264  \1$aSingapore :$bGlobal Science and Technology Forum (GSTF),$c[2011]-
=300  \\$billustrations (black and white) ;$c30 cm
=310  \\$aQuarterly
=336  \\$atext$2rdacontent
=337  \\$aunmediated$2rdamedia
=338  \\$avolume$2rdacarrier
=362  1\$aBegan in 2011.
=530  \\$aAlso issued online.
=588  \\$aDescription based on: Volume 2, number 1 (April 2012).
=650  \0$aComputer science$vPeriodicals.
=852  11$aBritish Library$bSTI$k(P)$h004$m-E(6)$3Vol. 2, No. 1 (2012)-v.5 no.1 (2016)
=985  \\$aCataloguer note: Volume 2, number 1 quotes ISSN 2010-2283, showing as 'Free' on ISSN Portal (Singapore Centre) (Richard Brown, 05/04/13)
=CAT  \\$a9602$b40$c20130404$lBLL01$h1405
=CAT  \\$a10806$b40$c20130405$lBLL01$h1204
=CAT  \\$a10806$b40$c20130405$lBLL01$h1210
=CAT  \\$a10806$b40$c20130405$lBLL01$h1213
=CAT  \\$a10806$b40$c20130405$lBLL01$h1257
=CAT  \\$a10806$b40$c20130410$lBLL01$h0915
=FIN  \\$aY$d20130410
=FMT  \\$a  SE
=LAS  \\$a10806$b40$c20130410$lBLL01$h0915

