=LDR  04240cas a2200973 i 4500
=001  016313003
=003  Uk
=005  20230429111656.0
=006  m\\\\\\\\d\\\\\\\\
=007  cr\|||||||||||
=008  130308c19799999enkfr\p\o\\\\\0\\\a0eng\\
=015  \\$aGBB620289$2bnb
=022  0\$a2160-2506
=037  \\$aISSN_01433768$bPortico$nTaylor & Francis
=040  \\$aUk$beng$cUk$erda
=042  \\$aukblsr
=082  04$a719.09$223
=245  00$aLandscape history :$bjournal of the Society for Landscape Studies.
=264  \1$a[Abingdon] :$bRoutledge,$c1979-
=310  \\$aSemiannual
=336  \\$atext$2rdacontent
=337  \\$acomputer$2rdamedia
=338  \\$aonline resource$2rdacarrier
=362  0\$aVolume 1, issue 1 (1979)-
=500  \\$aTitle from issue contents page (Taylor & Francis Online, viewed June 4, 2013).
=540  \\$aCurrent copyright fee: GBP37.00$c2\0$5Uk
=588  \\$aLatest issue consulted: volume 36, issue 2 (2015) (Taylor & Francis Online, viewed Frabruary 8, 2016).
=650  \0$aLandscapes$xHistory$vPeriodicals.
=710  2\$aSociety for Landscape Studies (Great Britain)
=776  08$iAlso issued in print as:$tLandscape history$x0143-3768
=852  41$aBritish Library$bHMNTS$jELD Digital store$3Volume 37:Number 1(2016)-
=852  \\$aBritish Library$bDSC$j5153.146000$3Volume 34:Issue 1(2013)-Volume 38:Issue 2(2017)***See ESTAR for full holdings.
=856  \\$31850-9999$uhttp://www.tandfonline.com/$xBLDSS
=856  40$uhttp://www.tandfonline.com/loi/rlsh20
=859  \\$aELD$bejournal
=945  \\$aLandscape history
=959  \\$fHeld but not currently received
=979  \\$aBritish Library$bDSC$j5153.146000
=985  \\$aISSN Work level record 4/6/2013 unable to verify key title 222 not added - SF.
=ACF  \\$aPrevious copyright fee: GBP23.50$c2\0$e05-apr-2013$fGBP23.50$g0$hP$5Uk
=ACF  \\$aPrevious copyright fee: GBP24.00$c2\0$e01-jan-2014$fGBP24.00$g0$hP$5Uk
=ACF  \\$aPrevious copyright fee: GBP25.00$c2\0$e01-jan-2015$fGBP25.00$g0$hP$5Uk
=ACF  \\$aPrevious copyright fee: GBP26.00$c2\0$e01-jan-2016$fGBP26.00$g0$hP$5Uk
=ACF  \\$aPrevious copyright fee: GBP28.00$c2\0$e01-jan-2017$fGBP28.00$g0$hP$5Uk
=ACF  \\$aPrevious copyright fee: GBP30.00$c2\0$e01-jan-2018$fGBP30.00$g0$hP$5Uk
=ACF  \\$aPrevious copyright fee: GBP32.00$c2\0$e01-jan-2019$fGBP32.00$g0$hP$5Uk
=ACF  \\$aPrevious copyright fee: GBP34.00$c2\0$e01-jan-2020$fGBP34.00$g0$hP$5Uk
=CAT  \\$a12654$b40$c20130405$lBLL01$h1048
=CAT  \\$aBATCH-UPD$b00$c20141124$lBLL01$h1805
=CAT  \\$aBLDSS-3PM$b00$c20141130$lBLL01$h1251
=CAT  \\$aIPL-CLA$c20141231$lBLL01$h1704
=CAT  \\$aBATCH-UPD$b00$c20151119$lBLL01$h1546
=CAT  \\$aIPL-CLA$c20151231$lBLL01$h1935
=CAT  \\$a14412$b40$c20160109$lBLL01$h0756
=CAT  \\$a14412$b40$c20160114$lBLL01$h1034
=CAT  \\$a14448$b40$c20160203$lBLL01$h0942
=CAT  \\$a11315$b40$c20160209$lBLL01$h0900
=CAT  \\$aBATCH-UPD$b40$c20161003$lBLL01$h0546
=CAT  \\$aBATCH-UPD$b40$c20161122$lBLL01$h1515
=CAT  \\$aIPL-CLA$c20161231$lBLL01$h0010
=CAT  \\$aBATCH-UPD$b00$c20171121$lBLL01$h1650
=CAT  \\$aW1711-1005$c20171206$lBLL01$h1825
=CAT  \\$aIPL-CLA$c20171231$lBLL01$h1818
=CAT  \\$aBATCH-UPD$b00$c20181217$lBLL01$h1640
=CAT  \\$aIPL-CLA$c20181231$lBLL01$h1552
=CAT  \\$aW1811-111$c20190203$lBLL01$h0956
=CAT  \\$aBATCH-UPD$b00$c20191122$lBLL01$h1902
=CAT  \\$aIPL-CLA$c20191231$lBLL01$h2034
=CAT  \\$aBATCH-UPD$b00$c20201118$lBLL01$h1336
=CAT  \\$aIPL-CLA$c20201231$lBLL01$h1532
=CAT  \\$aBATCH-UPD$b00$c20221121$lBLL01$h1349
=CAT  \\$aIPL-CLA$c20221231$lBLL01$h1451
=CAT  \\$a5410$b40$c20230429$lBLL01$h1116
=CFI  0\$aCurrent copyright fee: GBP37.00$c2\0$e01-jan-2023$fGBP37.00$g0$hP$5Uk
=CFI  2\$aPrevious copyright fee: GBP35.00$c2\0$e01-jan-2021$fGBP35.00$g0$hP$5Uk
=EST  \\$a1
=FFP  \\$aY$bBLDSS-3PM
=FIN  \\$aY$d20130604
=FMT  \\$a  SE
=LAS  \\$a5410$b40$c20230429$lBLL01$h1116
=LKR  \\$aPAR$b009546635$lBLL01$nLandscape history (Print)$mLandscape history (Online)$r776
=MNI  \\$a0143-3768
=TCO  \\$aCLA$bCLA$c008
=TOC  \\$aETOC

