=LDR  06330cas a2201309 a 4500
=001  016314592
=003  Uk
=005  20230424085452.0
=006  m\\\\\o\\d\\\\\\\\
=007  cr\|||||||||||
=008  100427c19059999it\fr\p\o\\\\\0\\\a0eng\\
=010  \\$a2012203761
=015  \\$aGBB736327$2bnb
=022  \\$a2169-4060$y0083-7792
=035  \\$a(OCoLC)609710967
=037  \\$aISSN_00837792_21$bPortico$nTaylor & Francis
=040  \\$aOCLCS$beng$cOCLCS$dOCLCS$dOCLCQ$dDLC$dOCLCO$dOCLCQ$dUk
=041  0\$aeng$aita$afre
=042  \\$aukblsr
=050  \4$aQK1$b.W37
=082  04$a580$223
=130  0\$aWebbia (Online)
=222  \0$aWebbia$b(Online)
=245  10$aWebbia$h[electronic resource].
=246  1\$aJournal of plant taxonomy and geography
=260  \\$aFirenze :$bIstituto botanico dell'Università di Firenze
=260  2\$3<Dec. 2012>- :$aAbingdon, Oxon, UK :$bTaylor & Francis
=264  31$3Jan. 2020- :$a[Firenze] :$bFirenze University Press
=300  \\$billustrations (black and white)
=310  \\$aSemiannual
=321  \\$aAnnual
=336  \\$atext$2rdacontent
=337  \\$acomputer$2rdamedia
=338  \\$aonline resource$2rdacarrier
=362  1\$aPrint began with v. 1 in 1905.
=500  \\$aSubtitle varies: "Raccolta di scritti botanici," 1905- ; "Rivista internazionale di sistematica e fitogeografia = international journal of plant taxonomy and geography," <2006->; International journal of plant taxonomy and geography <2019>; from 2020 "Webbia" and "International journal of plant taxonomy and geography" are used interchangeably on different sources of information.
=500  \\$aVol. [1] was published in honor of the 50th anniversary of the death of Philip Barker Webb.
=500  \\$aVol. [1]- edited by Ugolino Martelli.
=515  \\$aIssued in 2 parts, v. 9 (1953)-
=515  \\$aNot published between 1928-1948.
=540  \\$aCurrent copyright fee: GBP43.00$c2\0$5Uk
=546  \\$a1905- : Italian, English, and French; <2013>- : English only.
=550  \\$aTo vol. 5, 1928, issued by the Sede di Firenze of the Società botanica italiana.
=555  \\$aVols. 12-20, 1956-65. 1 v.
=588  \\$aDescription based on print version record.
=588  \\$aLatest issue consulted: volume 76, no 2 (2021) (FUP journals, viewed December 21, 2021).
=650  \0$aBotany$vPeriodicals.
=700  1\$aWebb, Philip Barker,$d1793-1854.
=710  2\$aUniversità di Firenze.$bIstituto botanico.
=776  08$iPrint version:$tWebbia$x0083-7792
=852  41$aBritish Library$bHMNTS$jELD Digital store$3Volume 71:Issue 1(2016)-Volume 74:Issue 2(2019)
=852  41$aBritish Library$bDSC$j9284.000000$3Volume 68:Issue 1(2013)-Volume 72:Issue 2(2017)
=856  40$uhttp://www.tandfonline.com/loi/tweb20
=856  40$uhttp://www.unifi.it/riviste/webbia/
=856  40$uhttps://oaj.fupress.net/index.php/webbia/issue/archive
=856  \\$31850-9999$uhttp://www.tandfonline.com/$xBLDSS
=859  \\$aELD$bejournal
=945  \\$aWebbia
=959  \\$fHeld but not currently received
=979  \\$aBritish Library$bDSC$j9284.000000
=985  \\$a"International journal of plant taxonomy and geography" is no longer a subtitle, but looks to be morphing into becoming the title. i.e. from 2020 "Webbia" is given first on the cover, and "International journal of plant taxonomy and geography" is given first on the title page". But have kept record in line with OCLC record with ISSN - as it's findable with 246. Have put subtitle etc info in 500 note instead. Do C/T if and when OCLC/ISSN do - GC 21.12.21
=ACF  \\$aPrevious copyright fee: GBP27.50$c2\0$e08-apr-2013$fGBP27.50$g0$hP$5Uk
=ACF  \\$aPrevious copyright fee: GBP28.00$c2\0$e01-jan-2014$fGBP28.00$g0$hP$5Uk
=ACF  \\$aPrevious copyright fee: GBP30.00$c2\0$e01-jan-2015$fGBP30.00$g0$hP$5Uk
=ACF  \\$aPrevious copyright fee: GBP34.00$c2\0$e01-jan-2016$fGBP34.00$g0$hP$5Uk
=ACF  \\$aPrevious copyright fee: GBP31.00$c2\0$e01-apr-2016$fGBP31.00$g0$hP$5Uk
=ACF  \\$aPrevious copyright fee: GBP33.00$c2\0$e01-jan-2017$fGBP33.00$g0$hP$5Uk
=ACF  \\$aPrevious copyright fee: GBP35.00$c2\0$e01-jan-2018$fGBP35.00$g0$hP$5Uk
=ACF  \\$aPrevious copyright fee: GBP37.00$c2\0$e01-jan-2019$fGBP37.00$g0$hP$5Uk
=ACF  \\$aPrevious copyright fee: GBP39.00$c2\0$e01-jan-2020$fGBP39.00$g0$hP$5Uk
=CAT  \\$a12654$b40$c20130408$lBLL01$h1355
=CAT  \\$aBATCH-UPD$b40$c20141124$lBLL01$h1756
=CAT  \\$aBLDSS-3PM$b00$c20141130$lBLL01$h1251
=CAT  \\$aIPL-CLA$c20141231$lBLL01$h1704
=CAT  \\$aBATCH-UPD$b00$c20151119$lBLL01$h1536
=CAT  \\$aIPL-CLA$c20151231$lBLL01$h1935
=CAT  \\$a10902$b40$c20160116$lBLL01$h1112
=CAT  \\$a5552$b40$c20160303$lBLL01$h0936
=CAT  \\$aIPL-CLA$c20160331$lBLL01$h1811
=CAT  \\$aBATCH-UPD$b00$c20160803$lBLL01$h2117
=CAT  \\$aBATCH-UPD$b00$c20161122$lBLL01$h1506
=CAT  \\$aIPL-CLA$c20161231$lBLL01$h0010
=CAT  \\$a8323$b40$c20170309$lBLL01$h1147
=CAT  \\$aBATCH-UPD$b40$c20171121$lBLL01$h1656
=CAT  \\$aW1711-1005$c20171206$lBLL01$h1825
=CAT  \\$aIPL-CLA$c20171231$lBLL01$h1818
=CAT  \\$aBATCH-UPD$b00$c20181217$lBLL01$h1645
=CAT  \\$aIPL-CLA$c20181231$lBLL01$h1552
=CAT  \\$aW1811-111$c20190203$lBLL01$h0956
=CAT  \\$aBATCH-UPD$b00$c20191122$lBLL01$h1907
=CAT  \\$aIPL-CLA$c20191231$lBLL01$h2034
=CAT  \\$aBATCH-UPD$b00$c20201118$lBLL01$h1342
=CAT  \\$aIPL-CLA$c20201231$lBLL01$h1532
=CAT  \\$a3072$b40$c20211221$lBLL01$h0950
=CAT  \\$aBATCH-UPD$b40$c20221121$lBLL01$h1341
=CAT  \\$aIPL-CLA$c20221231$lBLL01$h1451
=CAT  \\$a5410$b40$c20230407$lBLL01$h1454
=CAT  \\$a8055$b40$c20230421$lBLL01$h1100
=CAT  \\$a3072$b40$c20230424$lBLL01$h0854
=CFI  0\$aCurrent copyright fee: GBP43.00$c2\0$e01-jan-2023$fGBP43.00$g0$hP$5Uk
=CFI  2\$aPrevious copyright fee: GBP41.00$c2\0$e01-jan-2021$fGBP41.00$g0$hP$5Uk
=EST  \\$a1
=FFP  \\$aY$bBLDSS-3PM
=FIN  \\$aY$d20130515
=FMT  \\$a  SE
=LAS  \\$a3072$b40$c20230424$lBLL01$h0854
=LET  \0$aWebbia (Electronic)
=LKR  \\$aPAR$b011775556$lBLL01$nWebbia (Print)$mWebbia (Online)$r776
=MNI  \\$a0083-7792
=SID  \\$aZ39$bOCLC
=TCO  \\$aITA$bAIDRO / SIAE$c008
=TOC  \\$aETOC

