=LDR  02667cas a2200709 i 4500
=001  016318134
=003  Uk
=005  20211231154544.0
=006  m\\\\\o\\d\\\\\\\\
=007  cr\|||||||||||
=008  150318c20159999gw\uu\\\o\\\\\0\\\a0eng\d
=022  \\$a2213-8854
=035  \\$a(OCoLC)905099791
=040  \\$aFGM$beng$cFGM$dOH1$dUk$erda
=042  \\$aukblsr
=050  \4$aRD73.L3
=082  04$a610.28$223
=245  00$aMedical photonics.
=264  \1$a[Munich] :$bElsevier GmbH,$c[2015]-
=336  \\$atext$2rdacontent
=337  \\$acomputer$2rdamedia
=338  \\$aonline resource$2rdacarrier
=362  0\$aVolume 27 (May 2015)-
=540  \\$aCurrent copyright fee: GBP34.30$c5\1$5Uk
=588  \\$aDescription based on: Volume 27 (May, 2015); title from journal information screen (ScienceDirect, viewed July 20, 2015).
=650  \0$aPhotonics$vPeriodicals.
=650  \0$aLasers in medicine$vPeriodicals.
=650  \0$aImaging systems in medicine$vPeriodicals.
=650  \0$aLasers in surgery$vPeriodicals.
=650  \2$aLaser Therapy$vPeriodicals.
=650  \2$aLasers$vPeriodicals.
=780  00$tMedical laser application (Online)$x1878-3228
=852  \\$aBritish Library$bDSC$j5531.123000
=856  \\$31850-9999$uhttp://www.elsevier.com/journals$xBLDSS
=856  40$uhttp://www.sciencedirect.com/science/journal/22138846
=945  \\$aMedical Photonics
=959  \\$fHeld but not currently received
=985  \\$a222 not added 14/8/2015 - work level record on ISSN Portal.
=ACF  \\$aPrevious copyright fee: GBP22.50$c5\1$e10-apr-2013$fGBP22.50$g0$hP$5Uk
=ACF  \\$aPrevious copyright fee: GBP23.40$c5\1$e01-jan-2018$fGBP23.40$g0$hP$5Uk
=CAT  \\$a12654$b40$c20130410$lBLL01$h1153
=CAT  \\$a8055$b40$c20140401$lBLL01$h1201
=CAT  \\$aBLDSS-3PM$b00$c20141222$lBLL01$h1721
=CAT  \\$a11316$b40$c20150814$lBLL01$h1142
=CAT  \\$aBATCH-UPD$b40$c20151115$lBLL01$h1708
=CAT  \\$aBATCH-UPD$b40$c20170304$lBLL01$h1245
=CAT  \\$aBATCH-UPD$b40$c20171121$lBLL01$h1754
=CAT  \\$aIPL-CLA$c20171231$lBLL01$h1818
=CAT  \\$aBATCH-UPD$b00$c20190521$lBLL01$h1445
=CAT  \\$aIPL-CLA$c20190630$lBLL01$h1546
=CAT  \\$aBATCH-UPD$b00$c20211119$lBLL01$h1602
=CAT  \\$aIPL-CLA$c20211231$lBLL01$h1545
=CFI  0\$aCurrent copyright fee: GBP34.30$c5\1$e01-jan-2022$fGBP34.30$g0$hP$5Uk
=CFI  2\$aPrevious copyright fee: GBP32.84$c5\1$e01-jul-2019$fGBP32.84$g0$hP$5Uk
=EST  \\$a1
=FFP  \\$aY$bBLDSS-3PM
=FIN  \\$aY$d20150814
=FMT  \\$a  SE
=LAS  \\$aIPL-CLA$b00$c20211231$lBLL01$h1545
=MNI  \\$a2213-8846
=SID  \\$aZ39$bOCLC
=TOC  \\$aETOC

