=LDR  03934cas a2200877 a 4500
=001  016323851
=003  Uk
=005  20220421084027.0
=006  m\\\\\o\\d\\\\\\\\
=007  cr\un|||||||||
=008  050614c19849999cauqr\pssa\\\\0\\\a0eng\c
=010  \\$a2009204343
=022  \\$a2150-1092$l0748-4364$y0748-4364
=035  \\$a(OCoLC)60627141$z(OCoLC)556092396
=037  \\$aISSN_07484364$bPortico$nWiley
=040  \\$aOCLCS$beng$cOCLCS$dDLC$dTXA$dBUF$dDLC$dOCLCQ$dUk
=042  \\$aukblsr$ansdp
=043  \\$an-us---
=050  \4$aZ5814.P8$bC66$aLB2343
=082  04$a378.1940973$223
=130  0\$aHigher education abstracts (Oxford, England : Online)
=222  \0$aHigher education abstracts$b(Online)
=245  10$aHigher education abstracts$h[electronic resource].
=260  \\$aClaremont, Calif. :$bClaremont Graduate School
=264  31$a[Malden, MA] :$bJohn Wiley and Sons Inc
=310  \\$aQuarterly
=336  \\$atext$2rdacontent
=337  \\$acomputer$2rdamedia
=338  \\$aonline resource$2rdacarrier
=362  1\$aPrint began with: Vol. 20, no. 1 (fall 1984).
=538  \\$aMode of access: World Wide Web.
=540  \\$aCurrent Copyright Fee: GBP32.00$c35\0$5Uk
=588  \\$aDescription based on: Vol. 33, no. 1 (fall 1997); title from PDF article running title (Wiley InterScience, viewed Mar. 9, 2010).
=588  \\$aLatest issue consulted: volume 56, number 4 (2021) (Wiley Online Library, viewed April 21, 2022).
=650  \0$aCounseling in adult education$zUnited States$vAbstracts$vPeriodicals.
=650  \0$aEducation, Higher$zUnited States$vAbstracts$vPeriodicals.
=650  \0$aCounseling in higher education$vAbstracts$vPeriodicals.
=710  2\$aClaremont Graduate School,$eissuing body.
=776  08$iAlso issued in print as:$tHigher education abstracts (Oxford, Egland)$x0748-4364
=780  00$tCollege student personnel abstracts$c(Online)
=852  41$aBritish Library$bHMNTS$jELD Digital store$3Volume 48:Number 1(2013:Jan.)-Volume 56:Number 4(2021)***Previous issues available in print copy
=856  \\$31850-9999$uhttp://onlinelibrary.wiley.com/$xBLDSS
=856  4\$uhttp://onlinelibrary.wiley.com/journal/10.1111/(ISSN)2150-1092
=856  4\$uhttp://www.cgu.edu/inst/hea/hea.html$zLink no longer available as of Nov. 15, 2010:
=856  40$uhttp://onlinelibrary.wiley.com/journal/10.1111/(ISSN)2150-1092
=859  \\$aELD$bejournal
=945  \\$aHigher education abstracts -Claremont-
=979  \\$aBritish Library$bDSC$j4307.370400
=985  \\$aELD accessioning record upgraded.
=985  \\$aISSN UK note: Due to leave Wiley in 2022 - to be published in-house by Claremont Graduate University? (Richard Brown, 21/04/22)
=CAT  \\$a10983$b40$c20130422$lBLL01$h1215
=CAT  \\$a5997$b40$c20130424$lBLL01$h1231
=CAT  \\$a5997$b40$c20130424$lBLL01$h1233
=CAT  \\$a5997$b40$c20130424$lBLL01$h1234
=CAT  \\$a11279$b40$c20130513$lBLL01$h0958
=CAT  \\$aWR13.114$c20130717$lBLL01$h1315
=CAT  \\$aBATCH-PORT$c20130829$lBLL01$h1113
=CAT  \\$a14112$b40$c20140131$lBLL01$h1009
=CAT  \\$aWR14_009$c20140204$lBLL01$h2342
=CAT  \\$aBATCH-UPD$b00$c20160531$lBLL01$h1856
=CAT  \\$aW1711-1005$c20171206$lBLL01$h1825
=CAT  \\$a5552$b40$c20200114$lBLL01$h1100
=CAT  \\$a5552$b40$c20200114$lBLL01$h1117
=CAT  \\$aBLDSS-3PM$b00$c20200124$lBLL01$h0859
=CAT  \\$aBATCH-UPD$b00$c20200124$lBLL01$h0900
=CAT  \\$a5410$b40$c20200129$lBLL01$h0930
=CAT  \\$a10806$b40$c20220421$lBLL01$h0840
=CFI  0\$aCurrent Copyright Fee: GBP32.00$c35\0$e14-jan-2020$fGBP32.00$g0$hP$5Uk
=FFP  \\$aY$bBLDSS-3PM
=FIN  \\$aY$d20130424
=FMT  \\$a  SE
=LAS  \\$a10806$b40$c20220421$lBLL01$h0840
=LKR  \\$aPAR$b009202776$lBLL01$nHigher education abstracts (Print)$mHigher education abstracts (Online)$r776
=MNI  \\$a0748-4364
=SID  \\$aZ39$bOCLC
=UNO  \\$aY

