=LDR  04249cas a2200961 i 4500
=001  016323881
=003  Uk
=005  20191231203443.0
=006  m\\\\\|\\d\|\\\\\\
=007  cr\|||||||||||
=008  130422c20099999xxumr\p\o\\\\\0\\\a0eng\\
=015  \\$aGBB349399$2bnb
=022  0\$a1943-7560$l1534-7710
=037  \\$aISSN_15347710$bPortico$nWiley
=040  \\$aUk$beng$cUk$erda
=042  \\$aukblsr
=082  04$a378.1010973$223
=222  \0$aSuccessful registrar$b(Online)
=245  04$aThe successful registrar :$bmanaging records, systems and staff.
=264  \1$aHorsham, PA :$bLRP PUblications
=264  31$3November 2008-$aHoboken, NJ :$bWiley Subscription Services Inc
=300  \\$billustrations (colour)
=310  \\$aMonthly
=336  \\$atext$2rdacontent
=337  \\$acomputer$2rdamedia
=338  \\$aonline resource$2rdacarrier
=362  1\$aPrint began with: volume 1, issue 1 (February 2001).
=500  \\$aPart of the Jossey-Bass higher education newsletter series.
=540  \\$aCurrent Copyright Fee: GBP32.00$c35\0$5Uk
=588  \\$aDescription based on: volume 7, issue 11 (January 2008); title from PDF of caption (Wiley Online Library website, viewed April 24, 2013).
=588  \\$aLatest issue consulted: volume 13, issue 3 (May 2013); (viewed April 24, 2013).
=650  \0$aStudent registration$zUnited States$vPeriodicals.
=650  \0$aCollege student records$zUnited States$xManagement$vPeriodicals.
=650  \0$aCollege personnel management$zUnited States$vPeriodicals.
=776  08$iAlso issued in print as:$tSuccessful registrar$x1534-7710
=852  41$aBritish Library$bHMNTS$jELD Digital store$3Volume 12:Issue 11(2013:Jan.)-***Previous issues available in print copy
=856  \\$31850-9999$uhttp://onlinelibrary.wiley.com/$xBLDSS
=856  40$uhttp://onlinelibrary.wiley.com/journal/10.1002/(ISSN)1943-7560
=859  \\$aELD$bejournal
=945  \\$aSuccessful registrar.
=979  \\$aBritish Library$bDSC$j8504.220000N
=985  \\$aUS ISSN from work record only, cannot use key title in 222 till validated on ISSN portal
=985  \\$aELD accessioning record upgraded 24/4/13
=ACF  \\$aBritish Library not licensed to copy$c0$e01-jul-2013$hC$iCFP Excluded$5Uk
=ACF  \\$aPrevious Copyright Fee: GBP22.60$c0$e01-jan-2014$fGBP22.60$g0$hC$5Uk
=ACF  \\$aPrevious Copyright Fee: GBP22.00$c0$e01-apr-2014$fGBP22.00$g0$hC$5Uk
=ACF  \\$aPrevious Copyright Fee: GBP21.21$c0$e01-jul-2014$fGBP21.21$g0$hC$5Uk
=CAT  \\$a10983$b40$c20130422$lBLL01$h1324
=CAT  \\$a8124$b40$c20130424$lBLL01$h1513
=CAT  \\$a8124$b40$c20130521$lBLL01$h1025
=CAT  \\$a8201$b40$c20130523$lBLL01$h1441
=CAT  \\$aBATCH-CLA$b00$c20130531$lBLL01$h1652
=CAT  \\$aIPL-CLA$c20130701$lBLL01$h0157
=CAT  \\$aWR13.114$c20130717$lBLL01$h1315
=CAT  \\$aBATCH-PORT$c20130829$lBLL01$h1114
=CAT  \\$aBATCH-CLA$b00$c20131129$lBLL01$h1704
=CAT  \\$aIPL-CLA$c20140101$lBLL01$h0210
=CAT  \\$aWR14_009$c20140204$lBLL01$h2343
=CAT  \\$aBATCH-CLA$b00$c20140228$lBLL01$h1619
=CAT  \\$aIPL-CLA$c20140331$lBLL01$h1642
=CAT  \\$aBATCH-CLA$b00$c20140530$lBLL01$h1707
=CAT  \\$aIPL-CLA$c20140630$lBLL01$h1759
=CAT  \\$aBATCH-CLA$b00$c20141128$lBLL01$h0931
=CAT  \\$aIPL-CLA$c20141231$lBLL01$h1704
=CAT  \\$aBATCH-CLA$b00$c20150828$lBLL01$h1543
=CAT  \\$aIPL-CLA$c20150930$lBLL01$h1848
=CAT  \\$aW1711-1005$c20171206$lBLL01$h1825
=CAT  \\$a5552$b40$c20190318$lBLL01$h1403
=CAT  \\$aBLDSS-3PM$b00$c20190402$lBLL01$h0930
=CAT  \\$aBATCH-UPD$b00$c20190402$lBLL01$h0938
=CAT  \\$aR1911-0245$c20191127$lBLL01$h0823
=CAT  \\$aR1911-0245$c20191127$lBLL01$h1045
=CAT  \\$aIPL-CLA$c20191231$lBLL01$h2034
=CFI  0\$aCurrent Copyright Fee: GBP32.00$c35\0$e01-jan-2020$fGBP32.00$g0$hP$5Uk
=CFI  2\$aPrevious copyright fee: GBP28.00$c35\0$e18-mar-2019$fGBP28.00$g0$hP$5Uk
=FFP  \\$aY$bBLDSS-3PM
=FIN  \\$aY$d20130424
=FMT  \\$a  SE
=LAS  \\$aIPL-CLA$b00$c20191231$lBLL01$h2034
=LKR  \\$aPAR$b015861978$lBLL01$nsuccessful registrar (Print)$msuccessful registrar (Online)$r776
=MNI  \\$a1534-7710
=TOC  \\$aETOC
=UNO  \\$aY

