=LDR  04958cas a2201129 a 4500
=001  016323883
=003  Uk
=005  20230127124028.0
=006  m\\\\\o\\d\\\\\\\\
=007  cr||||||||||||
=008  050614c19999999xxufr\pso\\\\\0\\\a0eng\\
=010  \\$a2011202011
=015  \\$aGBB349529$2bnb
=022  0\$a2161-0029$y1524-6817
=035  \\$a(OCoLC)60624788$z(OCoLC)49209779
=037  \\$aISSN_15246817$bPortico$nWiley
=040  \\$aOCLCS$beng$cOCLCS$dTXU$dCO3$dOCLCQ$dDLC$dHEBIS$dPFM$dOCLCQ$dUk
=042  \\$aukblsr
=050  14$aBF724.5$b.A38
=082  04$a361.06084$223
=130  0\$aAdultspan journal (Online)
=245  10$aAdultspan journal$h[electronic resource].
=246  3\$aAdult span journal
=260  \\$3Spring 1999-Dec. 2011:$aAlexandria, VA :$bAssociation for Adult Development and Aging,$c1999-
=260  2\$3<Apr. 2012->$aHoboken, NJ :$bAmerican Counseling Association
=264  21$a[Alexandria, VA] :$bPublished by the American Counseling Association on behalf of the Association for Adult Development and Aging
=264  31$32022-$a[Huntington, WV?] :$bMarshall Digital Scholar
=310  \\$aSemiannual
=336  \\$atext$2rdacontent
=337  \\$acomputer$2rdamedia
=338  \\$aonline resource$2rdacarrier
=362  1\$aPrint began with v. 1, no. 1 (spring 1999).
=530  \\$aAlso issued in print.
=538  \\$aMode of access: World Wide Web.
=540  \\$aPending Copyright Fee: GBP22.50$c0$5Uk
=540  \\$aCurrent Copyright Fee: GBP25.00$c0$5Uk
=588  \\$aDescription based on print version record.
=588  \\$aLatest issue consulted: volume 21, issue 1 (2022) (Marshall Digital Scholar, viewed January 27, 2023).
=650  \0$aAdulthood$vPeriodicals.
=650  \0$aAging$xPsychological aspects$vPeriodicals.
=650  \0$aCounseling$vPeriodicals.
=690  7\$aSocial Welfare$2blcoll
=710  2\$aAssociation for Adult Development and Aging.
=710  2\$aAmerican Counseling Association.
=776  1\$tAdultspan journal$x1524-6817
=852  41$aBritish Library$bHMNTS$jELD Digital store$3Volume 12:Issue 1(2013:Apr.)-Volume 20:Issue 2(2021)
=856  40$uhttp://onlinelibrary.wiley.com/journal/10.1002/(ISSN)2161-0029/
=856  40$uhttp://proquest.umi.com/pqdweb?RQT=318&pmid=86910
=856  40$uhttps://mds.marshall.edu/adsp/
=859  \\$aELD$bejournal
=945  \\$aAdultspan journal
=979  \\$aBritish Library$bDSC$j0696.684920N
=985  \\$aELD accessioning record upgraded 24/04/2013.
=985  \\$aISSN Portal record is Work level therefore 222 Key title field is not included in this record.
=ACF  \\$aBritish Library not licensed to copy$c0$e01-jul-2013$hC$iCFP Excluded$5Uk
=ACF  \\$aBritish Library not licensed to copy$c0$e01-jan-2014$hC$iCFP Excluded$5Uk
=ACF  \\$aBritish Library not licensed to copy$c0$e01-apr-2014$hC$iCFP Excluded$5Uk
=ACF  \\$aPrevious Copyright Fee: GBP21.21$c0$e01-jul-2014$fGBP21.21$g0$hC$5Uk
=ACF  \\$aPrevious Copyright Fee: GBP24.00$c0$e01-oct-2015$fGBP24.00$g0$hC$5Uk
=ACF  \\$aPrevious Copyright Fee: GBP22.00$c0$e01-jan-2015$fGBP22.00$g0$hC$5Uk
=ACF  \\$aPrevious Copyright Fee: GBP28.00$c35\0$e18-nov-2019$fGBP28.00$g0$hP$5Uk
=ACF  \\$aPrevious Copyright Fee: GBP32.00$c35\0$e01-jan-2020$fGBP32.00$g0$hP$5Uk
=CAT  \\$a10983$b40$c20130422$lBLL01$h1326
=CAT  \\$aWR14_009$c20140204$lBLL01$h2343
=CAT  \\$aBATCH-CLA$b00$c20140228$lBLL01$h1619
=CAT  \\$aIPL-CLA$c20140331$lBLL01$h1642
=CAT  \\$aBATCH-CLA$b00$c20140530$lBLL01$h1707
=CAT  \\$aIPL-CLA$c20140630$lBLL01$h1759
=CAT  \\$aBATCH-CLA$b00$c20141128$lBLL01$h0931
=CAT  \\$aIPL-CLA$c20141231$lBLL01$h1704
=CAT  \\$aBATCH-CLA$b00$c20150828$lBLL01$h1543
=CAT  \\$aIPL-CLA$c20150930$lBLL01$h1848
=CAT  \\$aW1711-1005$c20171206$lBLL01$h1825
=CAT  \\$a5410$b40$c20190925$lBLL01$h1457
=CAT  \\$a5410$b40$c20191107$lBLL01$h0906
=CAT  \\$a5410$b40$c20191107$lBLL01$h0921
=CAT  \\$a12654$b40$c20191118$lBLL01$h1223
=CAT  \\$aBATCH-UNOA$c20191120$lBLL01$h0133
=CAT  \\$aR1911-0245$c20191127$lBLL01$h0823
=CAT  \\$aR1911-0245$c20191127$lBLL01$h1045
=CAT  \\$aIPL-CLA$c20191231$lBLL01$h2034
=CAT  \\$a8055$b40$c20200826$lBLL01$h1434
=CAT  \\$a12654$b40$c20211025$lBLL01$h1047
=CAT  \\$aIPL-CLA$c20211231$lBLL01$h1545
=CAT  \\$aDEL-3PM$c20220105$lBLL01$h1525
=CAT  \\$a5552$b40$c20220112$lBLL01$h0545
=CAT  \\$aBATCH-CLA$b00$c20221221$lBLL01$h1927
=CAT  \\$aIPL-CLA$c20221231$lBLL01$h1451
=CAT  \\$a10969$b40$c20230127$lBLL01$h1240
=CFI  0\$aCurrent Copyright Fee: GBP25.00$c0$e01-jan-2023$fGBP25.00$g0$hA$5Uk
=CFI  2\$aPrevious Copyright Fee: GBP22.50$c0$e01-jan-2022$fGBP22.50$g0$hA$5Uk
=FIN  \\$aY$d20130424
=FMT  \\$a  SE
=LAS  \\$a10969$b40$c20230127$lBLL01$h1240
=MNI  \\$a1524-6817
=SID  \\$aZ39$bOCLC
=TOC  \\$aETOC

