=LDR  04810cas a2201033 i 4500
=001  016324187
=003  Uk
=005  20191231203444.0
=006  m\\\\\\\\d\\\\\\\\
=007  cr||||||||||||
=008  120918c20139999njusr\p\o\\\\\|\\\a0eng\\
=010  \\$a  2012200744
=015  \\$aGBB420117$2bnb
=022  \\$a2169-8996
=035  \\$a(OCoLC)810143352
=037  \\$bPortico$nWiley$aISSN_2169897X
=040  \\$aDLC$beng$cDLC$dDLC$dUk$erda
=042  \\$ansdp$aukblsr
=082  04$a551.5$223
=210  0\$aJ. geophys. res., Atmos.$b(Online)
=222  \0$aJournal of geophysical research. Atmospheres$b(Online)
=245  00$aJournal of geophysical research.$pAtmospheres.
=246  30$aAtmospheres
=246  13$aJGR.$pAtmospheres
=264  \1$aHoboken, NJ :$bJohn Wiley & Sons,$c[2013]-
=310  \\$aSemimonthly
=336  \\$atext$2rdacontent
=337  \\$acomputer$2rdamedia
=338  \\$aonline resource$2rdacarrier
=362  1\$aBegan with: volume 118, issue 1 (16 January 2013).
=500  \\$a"Published on behalf of the American Geophysical Union"--journal home page.
=540  \\$aCurrent Copyright Fee: GBP39.00$c35\0$5Uk
=580  \\$aIncludes issues of earlier title: Journal of geophysical research, having issue numbering prefix D.
=588  \\$aDescription based on: volume 118, issue 1 (16 January 2013); title from contents page (agu.org website, viewed Apr. 3, 2013).
=588  \\$aLatest issue consulted: volume 118, issue 7 (16 April 2013) (Wiley Online Library, viewed April 29, 2013).
=650  \0$aAtmospheric physics$vPeriodicals.
=650  \0$aGeophysics$vPeriodicals.
=710  2\$aAmerican Geophysical Union.
=776  08$iAlso issued in print as:$tJournal of geophysical research. Atmospheres$x2169-897X
=780  11$tJournal of geophysical research$x2156-2202
=852  41$aBritish Library$bHMNTS$jELD Digital store$3Volume 118:Issue 1(2013:Jan.)-
=852  \\$aBritish Library$bDSC$j4995.001000$3Volume 118:Issue 1(2013)-Volume 119:Issue 24(2014)***See ESTAR for full holdings.
=856  \\$31850-9999$uhttp://onlinelibrary.wiley.com/$xBLDSS
=856  40$uhttp://onlinelibrary.wiley.com/journal/10.1002/(ISSN)2169-8996
=856  40$uhttp://www.agu.org/journals/jd/
=859  \\$aELD$bejournal
=945  \\$aJournal of geophysical research. Atmospheres
=959  \\$fHeld but not currently received
=985  \\$aELD accessioning record upgraded 29/4/2013
=985  \\$aBetween 1977-2012 some volumes of 'Journal of geophysical research' were issued in parts A-G. These parts were catalogued as part of the main title by LC (see OCLC #244832696) and U.S. ISSN Center. (There was continuous pagination through all sections.) From 2013- split into individual titles. This pattern followed in cataloguing these online titles but separate records for microfilm copies of some earlier parts are in BL collection. - SF 29/4/2013
=ACF  \\$aPrevious Copyright Fee: GBP12.00$c0$e01-jul-2013$fGBP12.00$g0$hC$5Uk
=ACF  \\$aPrevious copyright fee: GBP22.00$c35\0$e17-dec-2013$fGBP22.00$g0$hP$5Uk
=ACF  \\$aPrevious copyright fee: GBP24.00$c35\0$e01-mar-2015$fGBP24.00$g0$hP$5Uk
=CAT  \\$a10983$b40$c20130423$lBLL01$h0956
=CAT  \\$a11316$b40$c20130429$lBLL01$h1341
=CAT  \\$a11316$b40$c20130429$lBLL01$h1418
=CAT  \\$aBATCH-CLA$b00$c20130531$lBLL01$h1652
=CAT  \\$aIPL-CLA$c20130701$lBLL01$h0157
=CAT  \\$a8478$b40$c20131017$lBLL01$h1400
=CAT  \\$a14112$b40$c20131018$lBLL01$h1440
=CAT  \\$aBATCH-CLA$b00$c20131129$lBLL01$h1704
=CAT  \\$a12654$b40$c20131217$lBLL01$h0942
=CAT  \\$a12654$b40$c20131217$lBLL01$h0944
=CAT  \\$aWR14_009$c20140204$lBLL01$h2343
=CAT  \\$a11316$b40$c20140219$lBLL01$h1013
=CAT  \\$aBLDSS-3PM$b00$c20141214$lBLL01$h1527
=CAT  \\$aBATCH-UPD$b00$c20150215$lBLL01$h1706
=CAT  \\$aIPL-CLA$c20150228$lBLL01$h2057
=CAT  \\$aBATCH-UPD$b00$c20150822$lBLL01$h0321
=CAT  \\$aCDS15-UPD$b40$c20150918$lBLL01$h1640
=CAT  \\$aBATCH-UPD$b40$c20160518$lBLL01$h1816
=CAT  \\$aW1711-1005$c20171206$lBLL01$h1825
=CAT  \\$aBATCH-UPD$b00$c20180219$lBLL01$h1756
=CAT  \\$aBATCH-UPD$b00$c20181121$lBLL01$h1626
=CAT  \\$aIPL-CLA$c20181231$lBLL01$h1552
=CAT  \\$aR1911-0245$c20191127$lBLL01$h0944
=CAT  \\$aR1911-0245$c20191127$lBLL01$h1045
=CAT  \\$aIPL-CLA$c20191231$lBLL01$h2034
=CFI  0\$aCurrent Copyright Fee: GBP39.00$c35\0$e01-jan-2020$fGBP39.00$g0$hP$5Uk
=CFI  2\$aPrevious copyright fee: GBP28.00$c35\0$e01-jan-2019$fGBP28.00$g0$hP$5Uk
=EST  \\$a1
=FFP  \\$aY$bBLDSS-3PM
=FIN  \\$aY$d20130429
=FMT  \\$a  SE
=LAS  \\$aIPL-CLA$b00$c20191231$lBLL01$h2034
=MNI  \\$a2169-897X
=SRC  \\$aBLL02
=TOC  \\$aETOC
=UNO  \\$aY

