=LDR  04390cas a2200997 i 4500
=001  016324404
=003  Uk
=005  20230930081028.0
=006  m\\\\\|\\d\|\\\\\\
=007  cr\|||||||||||
=008  130423c20139999enkbr\p\o\\\\\0\\\a0eng\\
=022  \\$a2169-141X
=037  3\$aISSN_21691401_21$bPortico$nTaylor & Francis
=037  \\$aISSN_21691401$bPortico$nInforma Healthcare
=040  \\$aUk$beng$cUk$erda
=042  \\$aukblsr
=082  04$a615.39$223
=210  0\$aArtif. cells nanomed. biotechnol.$b(Online)
=222  \0$aArtificial cells, nanomedicine, and biotechnology$b(Online)
=245  00$aArtificial cells, nanomedicine, and biotechnology.
=264  \1$aLondon :$bInforma Healthcare
=310  \\$aSix issues yearly
=336  \\$atext$2rdacontent
=337  \\$acomputer$2rdamedia
=338  \\$aonline resource$2rdacarrier
=362  0\$aVolume 41, number 1 (February 2013)-
=500  \\$aTitle from issue table of contents (Informa Healthcare, viewed May 14, 2013).
=540  \\$aCurrent copyright fee: zero$c2\0$5Uk
=580  \\$aIncludes issues of earlier title: Artificial cells, blood substitutes, and biotechnology.
=588  \\$aLatest issue consulted: Volume 41, number 2 (April 2013).
=650  \0$aArtificial cells$vPeriodicals.
=650  \0$aNanotechnology$vPeriodicals.
=650  \0$aBlood substitutes$vPeriodicals.
=650  \0$aTissue engineering$vPeriodicals.
=650  \0$aMolecules$vPeriodicals.
=650  \0$aBiotechnology$vPeriodicals.
=710  2\$aInternational Society for Artificial Cells, Blood Substitutes and Biotechnology,$eissuing body.
=780  10$tArtificial cells, blood substitutes, and biotechnology (Online)$x1532-4184
=852  41$aBritish Library$bHMNTS$jELD Digital store$3Volume 41:Number 1(2013:Feb.)-
=856  \\$31850-9999$uhttp://informahealthcare.com$xBLDSS
=856  40$uhttp://informahealthcare.com/loi/abb?open=2012#id_2012
=859  \\$aELD$bejournal
=945  \\$aArtificial cells nanomedicine and biotechnology
=979  \\$aBritish Library$bDSC$j1735.022700N
=985  \\$aELD accessioning record upgraded
=985  \\$aISSN work level record therefore no 222 Key title field added.
=ACF  \\$aPrevious copyright Fee: GBP58.75$c0$e01-jul-2013$fGBP58.75$g0$hC$5Uk
=ACF  \\$aPrevious copyright fee: GBP29.00$c45\0$e05-dec-2013$fGBP29.00$g0$hP$5Uk
=ACF  \\$aPrevious copyright fee: GBP33.00$c45\0$e01-apr-2015$fGBP33.00$g0$hP$5Uk
=ACF  \\$aPrevious copyright fee: GBP34.00$c45\0$e01-jan-2016$fGBP34.00$g0$hP$5Uk
=CAT  \\$a10983$b40$c20130423$lBLL01$h1430
=CAT  \\$a11316$b40$c20130514$lBLL01$h1215
=CAT  \\$aBATCH-CLA$b00$c20130531$lBLL01$h1652
=CAT  \\$aIPL-CLA$c20130701$lBLL01$h0157
=CAT  \\$aWR13.114$c20130717$lBLL01$h1315
=CAT  \\$aBATCH-PORT$c20130829$lBLL01$h1113
=CAT  \\$a5552$b40$c20131205$lBLL01$h1118
=CAT  \\$a8409$b40$c20131205$lBLL01$h1341
=CAT  \\$aWR14_009$c20140204$lBLL01$h2347
=CAT  \\$a8201$b40$c20140808$lBLL01$h1058
=CAT  \\$aBLDSS-3PM$b00$c20141121$lBLL01$h1802
=CAT  \\$a5552$b40$c20150209$lBLL01$h0913
=CAT  \\$aIPL-CLA$c20150331$lBLL01$h1723
=CAT  \\$aBATCH-UPD$b00$c20151119$lBLL01$h1600
=CAT  \\$a8411$b40$c20151125$lBLL01$h1056
=CAT  \\$aIPL-CLA$c20151231$lBLL01$h1935
=CAT  \\$a14448$b40$c20160204$lBLL01$h0908
=CAT  \\$a14448$b40$c20160205$lBLL01$h0930
=CAT  \\$a11433$b40$c20160415$lBLL01$h1346
=CAT  \\$aBATCH-UPD$b40$c20160522$lBLL01$h2353
=CAT  \\$a5552$b40$c20161005$lBLL01$h0927
=CAT  \\$aIPL-CLA$c20161231$lBLL01$h0010
=CAT  \\$aW1711-1005$c20171206$lBLL01$h1825
=CAT  \\$a5410$b40$c20191114$lBLL01$h1323
=CAT  \\$aR2308-1440$c20230824$lBLL01$h0930
=CAT  \\$aIPL-CLA$c20230930$lBLL01$h0810
=CFI  0\$aCurrent copyright fee: zero$c2\0$e01-oct-2023$fGBP0.00$g0$hP$5Uk
=CFI  2\$aPrevious copyright fee: zero$c45\0$e01-jan-2017$fGBP0.00$g0$hP$5Uk
=FFP  \\$aY$bBLDSS-3PM
=FIN  \\$aY$d20130514
=FMT  \\$a  SE
=LAS  \\$aIPL-CLA$b00$c20230930$lBLL01$h0810
=LET  \0$aArtificial cells, nanomedicine, and biotechnology (Electronic)
=LKR  \\$aPAR$b013352836$lBLL01$nArtificial cells, blood substitutes, and biotechnology (Online)$mArtificial cells, nanomedicine, and biotechnology (Online)$r78000
=MNI  \\$a2169-1401
=TOC  \\$aETOC

