=LDR  04328cas a2201009 a 4500
=001  016324414
=003  Uk
=005  20230930081028.0
=006  m\\\\\o\\d\\\\\\\\
=007  cr\|||||||||||
=008  120523c20139999enkqx\poo\\\\\0\\\a0eng\\
=010  \\$a2012202909
=015  \\$aGBB347988$2bnb
=016  7\$a101594808$2DNLM
=022  0\$a2167-9177
=037  \\$aISSN_21679169$bPortico$nInforma Healthcare
=037  3\$aISSN_21679169_21$bPortico$nTaylor & Francis
=040  \\$aDLC$beng$cDLC$dNLM$dUk
=042  \\$aukblsr
=082  04$a615.8205$223
=130  0\$aEuropean journal of physiotherapy (Online)
=210  0\$aEur. j. physiother.$b(Online)
=222  \0$aEuropean journal of physiotherapy$b(Online)
=245  10$aEuropean journal of physiotherapy$h[electronic resource].
=260  \\$aLondon, UK :$bInforma Healthcare
=310  \\$aFour issues per year
=336  \\$atext$2rdacontent
=337  \\$acomputer$2rdamedia
=338  \\$aonline resource$2rdacarrier
=362  1\$aBegan with 15 (2013).
=540  \\$aCurrent copyright fee: GBP46.00$c2\0$5Uk
=588  \\$aDescription based on: 15 (2013); title from PDF caption (publisher's Web site, viewed Mar. 4, 2013).
=588  \\$aLatest issue consulted: volume 15, number 1 (March 2013) (viewed May 14, 2013).
=650  \0$aTherapeutics, Physiological$vPeriodicals.
=650  \0$aPhysical therapy$vPeriodicals.
=780  00$tAdvances in physiotherapy (Online)$x1651-1948
=852  41$aBritish Library$bHMNTS$jELD Digital store$3Volume 15:Number 2(2013:Jun.)-
=856  \\$31850-9999$uhttp://informahealthcare.com$xBLDSS
=856  40$uhttp://informahealthcare.com/journal/ejp
=859  \\$aELD$bejournal
=945  \\$aEuropean journal of physiotherapy
=979  \\$aBritish Library$bDSC$j3829.735500N
=985  \\$aELD accessioning record upgraded 15/5/2013.
=985  \\$aISSN record is Work level on ISSN Portal therefore 222 Key title field is not included in this record.
=ACF  \\$aPrevious Copyright Fee: GBP58.75$c0$e01-jul-2013$fGBP58.75$g0$hC$5Uk
=ACF  \\$aPrevious Copyright Fee: GBP57.00$c45\0$e04-dec-2013$fGBP57.00$g0$hP$5Uk
=ACF  \\$aPrevious copyright fee: GBP33.00$c45\0$e01-apr-2015$fGBP33.00$g0$hP$5Uk
=ACF  \\$aPrevious copyright fee: GBP34.00$c45\0$e01-jan-2016$fGBP34.00$g0$hP$5Uk
=ACF  \\$aPrevious copyright fee: GBP36.00$c45\0$e01-jan-2017$fGBP36.00$g0$hP$5Uk
=ACF  \\$aPrevious copyright fee: GBP38.00$c45\0$e01-jan-2018$fGBP38.00$g0$hP$5Uk
=ACF  \\$aPrevious copyright fee: GBP40.00$c45\0$e01-jan-2019$fGBP40.00$g0$hP$5Uk
=ACF  \\$aPrevious copyright fee: GBP44.00$c45\0$e26-jan-2021$fGBP44.00$g0$hP$5Uk
=CAT  \\$a10983$b40$c20130423$lBLL01$h1439
=CAT  \\$a8201$b40$c20140808$lBLL01$h1106
=CAT  \\$aBLDSS-3PM$b00$c20141121$lBLL01$h1802
=CAT  \\$a5552$b40$c20150209$lBLL01$h1146
=CAT  \\$aIPL-CLA$c20150331$lBLL01$h1723
=CAT  \\$aBATCH-UPD$b00$c20151119$lBLL01$h1600
=CAT  \\$a14412$b40$c20151203$lBLL01$h1354
=CAT  \\$a14412$b40$c20151203$lBLL01$h1355
=CAT  \\$aIPL-CLA$c20151231$lBLL01$h1935
=CAT  \\$a14448$b40$c20160204$lBLL01$h0928
=CAT  \\$a14448$b40$c20160205$lBLL01$h0940
=CAT  \\$a11433$b40$c20160415$lBLL01$h1547
=CAT  \\$aBATCH-UPD$b40$c20160602$lBLL01$h1323
=CAT  \\$aBATCH-UPD$b40$c20161122$lBLL01$h1538
=CAT  \\$aIPL-CLA$c20161231$lBLL01$h0010
=CAT  \\$aBATCH-UPD$b00$c20171121$lBLL01$h1718
=CAT  \\$aW1711-1005$c20171206$lBLL01$h1825
=CAT  \\$aIPL-CLA$c20171231$lBLL01$h1818
=CAT  \\$aBATCH-UPD$b00$c20181217$lBLL01$h1705
=CAT  \\$aIPL-CLA$c20181231$lBLL01$h1552
=CAT  \\$aBATCH-UPD$b00$c20210126$lBLL01$h1323
=CAT  \\$aIPL-CLA$c20210126$lBLL01$h1447
=CAT  \\$aBATCH-UPD$b00$c20221121$lBLL01$h1424
=CAT  \\$aIPL-CLA$c20221231$lBLL01$h1451
=CAT  \\$aR2308-1440$c20230824$lBLL01$h0930
=CAT  \\$aIPL-CLA$c20230930$lBLL01$h0810
=CFI  0\$aCurrent copyright fee: GBP46.00$c2\0$e01-oct-2023$fGBP46.00$g0$hP$5Uk
=CFI  2\$aPrevious copyright fee: GBP46.00$c45\0$e01-jan-2023$fGBP46.00$g0$hP$5Uk
=FFP  \\$aY$bBLDSS-3PM
=FIN  \\$aY$d20130515
=FMT  \\$a  SE
=LAS  \\$aIPL-CLA$b00$c20230930$lBLL01$h0810
=MNI  \\$a2167-9169
=SID  \\$aZ39$bOCLC
=TOC  \\$aETOC

