=LDR  04561cas a2201045 a 4500
=001  016324416
=003  Uk
=005  20230930081028.0
=006  m\\\\\o\\d\\\\\\\\
=007  cr\|||||||||||
=008  110210c20119999enkbn\p\o\\\\\0\\\a0eng\\
=010  \\$a2011201059
=015  \\$aGBB346965$2bnb
=016  7\$a2620994-9$2DE-600
=022  \\$a2159-8916
=035  \\$a(OCoLC)701383002
=037  \\$aISSN_21598908$bPortico$nInforma Healthcare
=040  \\$aDLC$beng$cDLC$dDLC$dHEBIS$dUV0$dOCLCQ$dUk
=042  \\$aukblsr
=082  04$a612.67$223
=130  0\$aPrime (London, England : 2011 : Online)
=245  10$aPrime$h[electronic resource] :$binternational journal of aesthetics and anti-ageing medicine.
=246  1\$iWeb site banner title:$aPrime Europe
=260  \\$aLondon :$bInforma Healthcare,$c2011-
=310  \\$aSeven issues yearly
=336  \\$atext$2rdacontent
=337  \\$acomputer$2rdamedia
=338  \\$aonline resource$2rdacarrier
=362  0\$aVolume 1, issue 1 (March 2011)-
=500  \\$aTitle from issue cover (publisher's Web site, viewed May 13, 2013).
=540  \\$aCurrent copyright fee: GBP46.00$c2\0$5Uk
=550  \\$a"Official publication of WOSIAM - World Society of Interdisciplinary Anti-Ageing Medicine"-Aims & Scope.
=588  \\$aLatest issue consulted: volume 3, issue 3 (April/May 2013) (viewed May 13, 2013).
=650  \0$aAesthetics$vPeriodicals.
=650  \0$aAging$xPrevention$vPeriodicals.
=650  \0$aSurgery, Plastic$vPeriodicals.
=710  2\$aWorld Society of Interdisciplinary Anti-Ageing Medicine.
=775  0\$tPrime. North America$x2325-9825
=776  08$iAlso issued in print:$tPrime$x2159-8908
=852  41$aBritish Library$bHMNTS$jELD Digital store$3Volume 3:Number 3(2013)-Volume 4:Number 8(2014)
=856  \\$31850-9999$uhttp://www.tandfonline.com/$xBLDSS
=856  40$uhttp://www.prime-journal.com
=859  \\$aELD$bejournal
=945  \\$aPrime -London- Informa Healthcare-.
=979  \\$aBritish Library$bDSC$j6612.926600N
=985  \\$aELD accessioning record upgraded 13/5/2013.
=985  \\$aISSN record is Work level on ISSN Portal therefore 222 Key title field is not included in this record.
=ACF  \\$aPrevious Copyright Fee: GBP57.00$c0$e01-jan-2015$fGBP57.00$g0$hC$5Uk
=ACF  \\$aPrevious Copyright Fee: GBP50.00$c0$e01-oct-2014$fGBP50.00$g0$hC$5Uk
=ACF  \\$aPrevious copyright fee: GBP33.00$c45\0$e11-feb-2015$fGBP33.00$g0$hP$5Uk
=ACF  \\$aPrevious copyright fee: GBP34.00$c45\0$e01-jan-2016$fGBP34.00$g0$hP$5Uk
=ACF  \\$aPrevious copyright fee: GBP36.00$c45\0$e01-jan-2017$fGBP36.00$g0$hP$5Uk
=ACF  \\$aPrevious copyright fee: GBP38.00$c45\0$e01-jan-2018$fGBP38.00$g0$hP$5Uk
=ACF  \\$aPrevious copyright fee: GBP40.00$c45\0$e01-jan-2019$fGBP40.00$g0$hP$5Uk
=ACF  \\$aPrevious copyright fee: GBP44.00$c45\0$e26-jan-2021$fGBP44.00$g0$hP$5Uk
=CAT  \\$a10983$b40$c20130423$lBLL01$h1441
=CAT  \\$aBATCH-CLA$b00$c20140829$lBLL01$h1547
=CAT  \\$aIPL-CLA$c20140930$lBLL01$h1638
=CAT  \\$aBATCH-CLA$b00$c20141128$lBLL01$h0931
=CAT  \\$aIPL-CLA$c20141231$lBLL01$h1704
=CAT  \\$a5552$b40$c20150211$lBLL01$h0926
=CAT  \\$a5552$b40$c20150211$lBLL01$h1029
=CAT  \\$aBLDSS-3PM$b00$c20150513$lBLL01$h0807
=CAT  \\$aBATCH-UPD$b00$c20151119$lBLL01$h1600
=CAT  \\$aIPL-CLA$c20151231$lBLL01$h1935
=CAT  \\$aBATCH-UPD$b00$c20160413$lBLL01$h1826
=CAT  \\$aBATCH-UPD$b00$c20160605$lBLL01$h0649
=CAT  \\$aBATCH-UPD$b00$c20161122$lBLL01$h1538
=CAT  \\$aIPL-CLA$c20161231$lBLL01$h0010
=CAT  \\$a5552$b40$c20170306$lBLL01$h1058
=CAT  \\$aBATCH-UPD$b40$c20171121$lBLL01$h1718
=CAT  \\$aW1711-1005$c20171206$lBLL01$h1825
=CAT  \\$aIPL-CLA$c20171231$lBLL01$h1818
=CAT  \\$aBATCH-UPD$b00$c20181217$lBLL01$h1705
=CAT  \\$aIPL-CLA$c20181231$lBLL01$h1552
=CAT  \\$aBATCH-UPD$b00$c20210126$lBLL01$h1323
=CAT  \\$aIPL-CLA$c20210126$lBLL01$h1447
=CAT  \\$aBATCH-UPD$b00$c20221121$lBLL01$h1424
=CAT  \\$aIPL-CLA$c20221231$lBLL01$h1451
=CAT  \\$aR2308-1440$c20230824$lBLL01$h0930
=CAT  \\$aIPL-CLA$c20230930$lBLL01$h0810
=CFI  0\$aCurrent copyright fee: GBP46.00$c2\0$e01-oct-2023$fGBP46.00$g0$hP$5Uk
=CFI  2\$aPrevious copyright fee: GBP46.00$c45\0$e01-jan-2023$fGBP46.00$g0$hP$5Uk
=FFP  \\$aY$bBLDSS-3PM
=FIN  \\$aY$d20130513
=FMT  \\$a  SE
=LAS  \\$aIPL-CLA$b00$c20230930$lBLL01$h0810
=MNI  \\$a2159-8908
=SID  \\$aZ39$bOCLC
=TOC  \\$aETOC

