=LDR  01583 as a2200421 i 4500
=001  016386341
=003  Uk
=005  20130910100354.0
=007  ta
=008  130221c20119999it\uu\p\\\\\\\0\\\b0ita\c
=010  \\$a2013221262
=022  \\$y2279-784X
=035  \\$a(OCoLC)828150639
=040  \\$aGZM$beng$cGZM$dGZM$dOCLCO$dHLS$dUk$erda
=042  \\$aukblsr
=082  04$a850.5$223
=245  00$aSerclus :$brivista del Centro di Documentazione della Tradizione Orale (CDTO) di Piazza al Serchio (LU).
=264  \1$aRoma [Italy] :$bAracne,$c2012-
=300  \\$billustrations ;$c24 cm
=336  \\$atext$btxt$2rdacontent
=337  \\$aunmediated$bn$2rdamedia
=338  \\$avolume$bnc$2rdacarrier
=362  1\$aBegan with N. 1 - Anno 1 (2011).
=550  \\$a"Rivista del Centro di documentazione della tradizione orale (CDTO) di Piazza al Serchio." -- Title page.
=588  \\$aDescription based on: N. 1 - Anno 1 (2011); title from title page.
=588  \\$aLatest issue consulted: N. 1 - Anno 1 (2011).
=650  \0$aItalian literature$vPeriodicals.
=650  \0$aLiterature$vPeriodicals.
=710  2\$aBiblioteca "G. Venturelli."$bCentro di documentazione della tradizione orale,$eissuing body.
=852  41$aBritish Library$bHMNTS$jZF.9.a.9724$3Number 1 (2011)
=985  \\$aItalian ISSN still work record on Portal
=CAT  \\$a9518$b40$c20130515$lBLL01$h1131
=CAT  \\$a8124$b40$c20130910$lBLL01$h0959
=CAT  \\$a8124$b40$c20130910$lBLL01$h1003
=FIN  \\$aY$d20130910
=FMT  \\$a  SE
=LAS  \\$a8124$b40$c20130910$lBLL01$h1003
=SID  \\$aZ39$bOCLC

