=LDR  04280cas a2200985 i 4500
=001  016415550
=003  Uk
=005  20230422120116.0
=006  m\\\\\\\\d\\\\\\\\
=007  cr\|||||||||||
=008  130308c20139999gw\qr\p\s\\\\\0\\\a0eng\\
=022  \\$a2195-2698
=040  \\$aUk$beng$cUk$erda
=042  \\$aukblsr
=082  04$a003.85$223
=245  00$aInternational journal of dynamics and control.
=264  \1$a[Berlin?] :$bSpringer,$c2013-
=300  \\$billustrations (black and white, and colour)
=310  \\$aQuarterly
=336  \\$atext$2rdacontent
=337  \\$acomputer$2rdamedia
=338  \\$aonline resource$2rdacarrier
=362  0\$aVolume 1, issue 1 (March 2013)-
=500  \\$aTitle from table of contents page (SpringerLink, viewed June 20, 2013).
=540  \\$aCurrent copyright fee: GBP29.95$c22\1$5Uk
=650  \0$aDynamics$vPeriodicals.
=650  \0$aControl theory$vPeriodicals.
=852  \\$aBritish Library$bDSC$j4542.189540$3Volume 1:Issue 1(2013)-Volume 6:Issue 1(2018)***See ESTAR for full holdings.
=856  \\$31850-9999$uhttp://www.springer.com/gb/$xBLDSS
=856  40$uhttp://link.springer.com/journal/40435
=859  \\$aXLD$bejournal
=945  \\$aInternational journal of dynamics and control.
=959  \\$fHeld but not currently received
=979  \\$aBritish Library$bDSC$j4542.189540
=985  \\$aPrint and online ISSNs still free on portal, though quoted on online journal home page, 20/6/13
=ACF  \\$aPrevious copyright fee: GBP25.00$c22\1$e21-may-2013$fGBP25.00$g0$hP$5Uk
=ACF  \\$aPrevious copyright fee: GBP25.77$c22\1$e01-jul-2013$fGBP25.77$g0$hP$5Uk
=ACF  \\$aPrevious copyright fee: GBP24.97$c22\1$e01-jan-2014$fGBP24.97$g0$hP$5Uk
=ACF  \\$aPrevious copyright fee: GBP24.21$c22\1$e01-jul-2014$fGBP24.21$g0$hP$5Uk
=ACF  \\$aPrevious copyright fee: GBP25.77$c22\1$e01-apr-2015$fGBP25.77$g0$hP$5Uk
=ACF  \\$aPrevious copyright fee: GBP26.63$c22\1$e01-jul-2015$fGBP26.63$g0$hP$5Uk
=ACF  \\$aPrevious copyright fee: GBP25.77$c22\1$e01-oct-2015$fGBP25.77$g0$hP$5Uk
=ACF  \\$aPrevious copyright fee: GBP27.55$c22\1$e01-apr-2016$fGBP27.55$g0$hP$5Uk
=ACF  \\$aPrevious copyright fee: GBP29.59$c22\1$e01-oct-2016$fGBP29.59$g0$hP$5Uk
=ACF  \\$aPrevious copyright fee: GBP31.96$c22\1$e01-apr-2017$fGBP31.96$g0$hP$5Uk
=ACF  \\$aPrevious copyright fee: GBP30.73$c22\1$e01-oct-2017$fGBP30.73$g0$hP$5Uk
=ACF  \\$aPrevious copyright fee: GBP28.54$c22\1$e01-apr-2018$fGBP28.54$g0$hP$5Uk
=CAT  \\$a12654$b40$c20130521$lBLL01$h0941
=CAT  \\$aIPL-CLA$c20150331$lBLL01$h1723
=CAT  \\$aBATCH-UPD$b00$c20150520$lBLL01$h1744
=CAT  \\$aIPL-CLA$c20150630$lBLL01$h1720
=CAT  \\$aBATCH-UPD$b00$c20150820$lBLL01$h1832
=CAT  \\$aIPL-CLA$c20150930$lBLL01$h1848
=CAT  \\$aBATCH-UPD$b00$c20160217$lBLL01$h1721
=CAT  \\$aIPL-CLA$c20160331$lBLL01$h1812
=CAT  \\$aBATCH-UPD$b00$c20160520$lBLL01$h0851
=CAT  \\$aBATCH-UPD$b00$c20160524$lBLL01$h2215
=CAT  \\$aBATCH-UPD$b00$c20160824$lBLL01$h1750
=CAT  \\$aIPL-CLA$c20160930$lBLL01$h1638
=CAT  \\$aBATCH-UPD$b00$c20170216$lBLL01$h1837
=CAT  \\$aIPL-CLA$c20170331$lBLL01$h1916
=CAT  \\$aBATCH-UPD$b00$c20170904$lBLL01$h1845
=CAT  \\$aIPL-CLA$c20170929$lBLL01$h1802
=CAT  \\$aBATCH-UPD$b00$c20180223$lBLL01$h1706
=CAT  \\$aIPL-CLA$c20180331$lBLL01$h1705
=CAT  \\$aW1805-0475$c20180520$lBLL01$h1632
=CAT  \\$aBATCH-UPD$b00$c20180524$lBLL01$h1709
=CAT  \\$aIPL-CLA$c20180630$lBLL01$h1938
=CAT  \\$aW1908-0780$b00$c20200730$lBLL01$h1333
=CAT  \\$a5552$b40$c20200819$lBLL01$h0801
=CAT  \\$aCDS21$c20220118$lBLL01$h1105
=CAT  \\$aBATCH-UPD$b00$c20221121$lBLL01$h1406
=CAT  \\$aIPL-CLA$c20221231$lBLL01$h1451
=CAT  \\$a5410$b40$c20230422$lBLL01$h1200
=CAT  \\$a5410$b40$c20230422$lBLL01$h1201
=CFI  0\$aCurrent copyright fee: GBP29.95$c22\1$e01-jan-2023$fGBP29.95$g0$hP$5Uk
=CFI  2\$aPrevious copyright fee: GBP34.00$c22\1$e01-jul-2018$fGBP34.00$g0$hP$5Uk
=EST  \\$a1
=FFP  \\$aY$bBLDSS-3PM
=FIN  \\$aY$d20130620
=FMT  \\$a  SE
=LAS  \\$a5410$b40$c20230422$lBLL01$h1201
=MNI  \\$a2195-268X
=TOC  \\$aETOC
=UNO  \\$aY

