=LDR  03706cas a2200853 i 4500
=001  016417202
=003  Uk
=005  20221231145157.0
=006  m\\\\\\\\d\\\\\\\\
=007  cr\|||||||||||
=008  130308c20129999it\fr\p\o\\\\\0\\\a0eng\\
=022  \\$a2194-7759
=040  \\$aUk$beng$cUk$dUk$erda
=042  \\$aukblsr
=082  04$a327.05$223
=210  1\$aJ. glob. policy gov.$b(Internet)
=222  \0$aJournal of global policy and governance$b(Internet)
=245  00$aJournal of global policy and governance.
=246  1\$iMinor title change:$aJournal global policy and governance,$f2014-
=246  13$aJournal global policies and governance,$f2014-
=246  13$aJGPG,$f2014-
=264  \1$aHeidelberg :$bSpringer,$c2012-
=264  31$32014-$a[Venice] :$b[Transition Academia Press]
=310  \\$aSemiannual,$b2015-
=321  \\$aIrregular,$b2012-2014
=336  \\$atext$2rdacontent
=337  \\$acomputer$2rdamedia
=338  \\$aonline resource$2rdacarrier
=362  0\$aVolume 1, issue 1 (December 2012)-
=500  \\$aTitle from table of contents page (SpringerLink, viewed June 20, 2013).
=540  \\$aBritish Library not licensed to copy$c0$5Uk
=588  \\$aLatest issue consulted: volume 1, issue 2 (January 2013); (viewed June 20, 2013).
=650  \0$aInternational relations$vPeriodicals.
=650  \0$aGlobalization$vPeriodicals.
=710  2\$aCentral and Eastern European University Network.
=776  08$iAlso issued in print as:$aJournal of global policy and governance$x2194-7740
=852  41$aBritish Library$bDSC$j4996.315000$3Volume 1:Issue 1(2013)-Volume 2:Issue 2(2013)***See ESTAR for full holdings.
=856  40$32014-$uhttp://transitionacademiapress.org/jgpg/index
=856  40$32012-2013$uhttp://link.springer.com/journal/40320
=945  \\$aJournal of global policy and governance
=959  \\$fHeld but not currently received
=985  \\$aISSN still free on portal, SpringerLink quotes online & print ISSN, no sign of print version yet 20/6/13
=ACF  \\$aPrevious copyright fee: GBP25.00$c22\1$e23-may-2013$fGBP25.00$g0$hP$5Uk
=ACF  \\$aPrevious copyright fee: GBP12.30$c0$e26-mar-2015$fGBP12.30$g0$hA$5Uk
=ACF  \\$aPrevious Copyright Fee: GBP15.00$c0$e01-jan-2017$fGBP15.00$g0$hA$5Uk
=ACF  \\$aPrevious Copyright Fee: GBP20.00$c0$e01-jan-2020$fGBP20.00$g0$hA$5Uk
=ACF  \\$aPrevious Copyright Fee: GBP17.50$c0$e01-jan-2018$fGBP17.50$g0$hA$5Uk
=CAT  \\$a12654$b40$c20130523$lBLL01$h1433
=CAT  \\$a8124$b40$c20130620$lBLL01$h1253
=CAT  \\$aBLDSS-3PM$b00$c20150103$lBLL01$h1049
=CAT  \\$a12654$b40$c20150304$lBLL01$h0950
=CAT  \\$a5552$b40$c20150326$lBLL01$h1407
=CAT  \\$a6558$b40$c20150326$lBLL01$h1808
=CAT  \\$a8323$b40$c20160301$lBLL01$h1604
=CAT  \\$a8323$b40$c20160301$lBLL01$h1610
=CAT  \\$a8323$b40$c20160301$lBLL01$h1612
=CAT  \\$aBATCH-CLA$b00$c20161222$lBLL01$h1836
=CAT  \\$aIPL-CLA$c20161231$lBLL01$h0011
=CAT  \\$aBATCH-CLA$b00$c20171222$lBLL01$h2214
=CAT  \\$aIPL-CLA$c20171231$lBLL01$h1819
=CAT  \\$aBATCH-CLA$b00$c20191219$lBLL01$h1759
=CAT  \\$aIPL-CLA$c20191231$lBLL01$h2034
=CAT  \\$aR2001-1524$c20200127$lBLL01$h2100
=CAT  \\$a12654$b40$c20200206$lBLL01$h1046
=CAT  \\$aBATCH-CLA$b00$c20221206$lBLL01$h1806
=CAT  \\$aIPL-CLA$c20221231$lBLL01$h1451
=CFI  0\$aBritish Library not licensed to copy$c0$e01-jan-2023$hC$iCFP Excluded$5Uk
=CFI  2\$aPrevious Copyright Fee: GBP29.95$c0$e06-feb-2020$fGBP29.95$g0$hC$5Uk
=EST  \\$a1
=FIN  \\$aY$d20130620
=FMT  \\$a  SE
=LAS  \\$aIPL-CLA$b00$c20221231$lBLL01$h1451
=MNI  \\$a2194-7759
=TOC  \\$aETOC

