=LDR  03800cas a2200913 i 4500
=001  016417235
=003  Uk
=005  20230415165429.0
=006  m\\\\\\\\d\\\\\\\\
=007  cr\|||||||||||
=008  130308c20129999nyuqr\p\s\\\\\0\\\a0eng\\
=022  \\$a1948-7908
=040  \\$aUk$beng$cUk$erda
=042  \\$aukblsr
=082  04$a616.9940642$223
=245  00$aJournal of radiation oncology.
=264  \1$aNew York :$bSpringer,$c2012-
=336  \\$atext$2rdacontent
=337  \\$acomputer$2rdamedia
=338  \\$aonline resource$2rdacarrier
=362  0\$aVolume 1, issue 1 (March 2012)-
=500  \\$aTitle from table of contents page (SpringerLink, viewed June 20, 2013).
=540  \\$aCurrent copyright fee: GBP34.95$c22\1$5Uk
=588  \\$aLatest issue consulted: volume 2, issue 2 (viewed June 20, 2013).
=650  \0$aCancer$xRadiotherapy$vPeriodicals.
=852  41$aBritish Library$bDSC$j5043.790600$3Volume 1:Issue 1(2012)-Volume 7:Issue 1(2018)***See ESTAR for full holdings.
=856  \\$31850-9999$uhttp://www.springer.com/gb/$xBLDSS
=859  \\$aXLD$bejournal
=945  \\$aJournal of radiation oncology
=959  \\$fHeld but not currently received
=979  \\$aBritish Library$bDSC$j5043.790600
=979  \\$aBritish Library$bDSC$j5043.790600
=985  \\$aISSN for print and online still free on portal
=ACF  \\$aPrevious copyright fee: GBP27.55$c19\0$e01-apr-2016$fGBP27.55$g0$hP$5Uk
=ACF  \\$aPrevious copyright fee: GBP25.00$c22\1$e23-may-2013$fGBP25.00$g0$hP$5Uk
=ACF  \\$aPrevious copyright fee: GBP27.55$c22\1$e21-apr-2016$fGBP27.55$g0$hP$5Uk
=ACF  \\$aPrevious copyright fee: GBP29.59$c22\1$e01-oct-2016$fGBP29.59$g0$hP$5Uk
=ACF  \\$aPrevious copyright fee: GBP31.96$c22\1$e01-apr-2017$fGBP31.96$g0$hP$5Uk
=ACF  \\$aPrevious copyright fee: GBP30.73$c22\1$e01-oct-2017$fGBP30.73$g0$hP$5Uk
=ACF  \\$aPrevious copyright fee: GBP28.54$c22\1$e01-apr-2018$fGBP28.54$g0$hP$5Uk
=ACF  \\$aPrevious copyright fee: GBP34.00$c22\1$e01-jul-2018$fGBP34.00$g0$hP$5Uk
=CAT  \\$a12654$b40$c20130523$lBLL01$h1544
=CAT  \\$a8124$b40$c20130620$lBLL01$h1227
=CAT  \\$aBLDSS-3PM$b00$c20150103$lBLL01$h1049
=CAT  \\$a5552$b40$c20160222$lBLL01$h0917
=CAT  \\$aIPL-CLA$c20160331$lBLL01$h1812
=CAT  \\$a5552$b40$c20160421$lBLL01$h1336
=CAT  \\$aBATCH-UPD$b40$c20160524$lBLL01$h2215
=CAT  \\$aBATCH-UPD$b40$c20160525$lBLL01$h0056
=CAT  \\$aBATCH-UPD$b40$c20160824$lBLL01$h1750
=CAT  \\$aIPL-CLA$c20160930$lBLL01$h1639
=CAT  \\$aBATCH-UPD$b00$c20170216$lBLL01$h1837
=CAT  \\$aIPL-CLA$c20170331$lBLL01$h1917
=CAT  \\$aBATCH-UPD$b00$c20170904$lBLL01$h1845
=CAT  \\$aIPL-CLA$c20170929$lBLL01$h1802
=CAT  \\$aBATCH-UPD$b00$c20180223$lBLL01$h1706
=CAT  \\$aIPL-CLA$c20180331$lBLL01$h1705
=CAT  \\$aW1805-0475$c20180520$lBLL01$h1632
=CAT  \\$aBATCH-UPD$b00$c20180524$lBLL01$h1709
=CAT  \\$aIPL-CLA$c20180630$lBLL01$h1938
=CAT  \\$aW1908-0780$b00$c20200730$lBLL01$h1333
=CAT  \\$a5552$b40$c20200819$lBLL01$h0801
=CAT  \\$a5552$b40$c20210819$lBLL01$h1100
=CAT  \\$aIPL-CLA$c20210930$lBLL01$h1529
=CAT  \\$aCDS21$c20220118$lBLL01$h1105
=CAT  \\$aBATCH-UPD$b00$c20221121$lBLL01$h1412
=CAT  \\$aIPL-CLA$c20221231$lBLL01$h1451
=CAT  \\$a5410$b40$c20230415$lBLL01$h1653
=CAT  \\$a5410$b40$c20230415$lBLL01$h1654
=CFI  0\$aCurrent copyright fee: GBP34.95$c22\1$e01-jan-2023$fGBP34.95$g0$hP$5Uk
=CFI  2\$aPrevious copyright fee: GBP43.00$c22\1$e01-oct-2021$fGBP43.00$g0$hP$5Uk
=EST  \\$a1
=FFP  \\$aY$bBLDSS-3PM
=FIN  \\$aY$d20130620
=FMT  \\$a  SE
=LAS  \\$a5410$b40$c20230415$lBLL01$h1654
=MNI  \\$a1948-7894
=TOC  \\$aETOC
=UNO  \\$aY

