=LDR  03627cas a2200865 i 4500
=001  016420014
=003  Uk
=005  20221231145158.0
=006  m\\\\\\\\d\\\\\\\\
=007  cr\|||||||||||
=008  130308c20129999nyubr\p\s\\\\\0\\\a0eng\\
=022  \\$y2192-9270$a2192-9262
=040  \\$aUk$beng$cUk$erda
=042  \\$aukblsr
=082  04$a620.11299$223
=245  00$aMetallography, microstructure, and analysis.
=264  \1$aNew York :$bSpringer New York LLC,$c2012-
=300  \\$billustrations (black and white, and colour)
=310  \\$aBimonthly
=336  \\$atext$2rdacontent
=337  \\$acomputer$2rdamedia
=338  \\$aonline resource$2rdacarrier
=362  0\$aVolume 1, issue 1 (February 2012)-
=500  \\$aTitle from table of contents page (SpringerLink, viewed June 26, 2013).
=540  \\$aCurrent copyright fee: GBP29.95$c22\1$5Uk
=588  \\$aLatest issue consulted: volume 2, issue 3 (June 2013); (viewed June 26, 2013).
=650  \0$aMaterials$xMicrostructure$vPeriodicals.
=710  2\$aInternational Metallographic Society,$eissuing body.
=852  41$aBritish Library$bDSC$j5694.400000$3Volume 1:Issue 1(2012)-Volume 3:Issue 6(2014)***See ESTAR for full holdings.
=856  \\$31850-9999$uhttp://www.springer.com/gb/$xBLDSS
=856  40$uhttp://link.springer.com/journal/13632
=945  \\$aMetallography, microstructure, and analysis.
=959  \\$fHeld but not currently received
=979  \\$aBritish Library$bDSC$j5694.400000
=985  \\$aISSN still free on portal 26/6/13
=ACF  \\$aPrevious copyright fee: GBP25.00$c22\1$e29-may-2013$fGBP25.00$g0$hP$5Uk
=ACF  \\$aPrevious copyright fee: GBP27.55$c19\0$e01-apr-2016$fGBP27.55$g0$hP$5Uk
=ACF  \\$aPrevious copyright fee: GBP29.63$c19\0$e01-oct-2016$fGBP29.63$g0$hP$5Uk
=ACF  \\$aPrevious copyright fee: GBP32.00$c19\0$e01-apr-2017$fGBP32.00$g0$hP$5Uk
=ACF  \\$aPrevious copyright fee: GBP28.57$c19\0$e01-apr-2018$fGBP28.57$g0$hP$5Uk
=ACF  \\$aPrevious copyright fee: GBP30.77$c19\0$e01-oct-2017$fGBP30.77$g0$hP$5Uk
=CAT  \\$a12654$b40$c20130529$lBLL01$h1611
=CAT  \\$a8124$b40$c20130626$lBLL01$h1126
=CAT  \\$a12654$b40$c20131021$lBLL01$h0907
=CAT  \\$aBLDSS-3PM$b00$c20150103$lBLL01$h1049
=CAT  \\$aCDS15-UPD$b40$c20150313$lBLL01$h1911
=CAT  \\$a5552$b40$c20160222$lBLL01$h0917
=CAT  \\$aIPL-CLA$c20160331$lBLL01$h1812
=CAT  \\$aBATCH-UPD$b00$c20160524$lBLL01$h2159
=CAT  \\$aBATCH-UPD$b00$c20160524$lBLL01$h2306
=CAT  \\$a5552$b40$c20160826$lBLL01$h0847
=CAT  \\$aIPL-CLA$c20160930$lBLL01$h1639
=CAT  \\$aBATCH-UPD$b00$c20170216$lBLL01$h1831
=CAT  \\$aIPL-CLA$c20170331$lBLL01$h1917
=CAT  \\$aBATCH-UPD$b00$c20170904$lBLL01$h1836
=CAT  \\$aIPL-CLA$c20170929$lBLL01$h1802
=CAT  \\$aBATCH-UPD$b00$c20180223$lBLL01$h1654
=CAT  \\$aIPL-CLA$c20180331$lBLL01$h1705
=CAT  \\$aBATCH-UPD$b00$c20180823$lBLL01$h1930
=CAT  \\$a5552$b40$c20180911$lBLL01$h1225
=CAT  \\$aBATCH-UPD$b40$c20180912$lBLL01$h0021
=CAT  \\$a5410$b40$c20200917$lBLL01$h1313
=CAT  \\$a5410$b40$c20221029$lBLL01$h1158
=CAT  \\$aBATCH-UPD$b40$c20221121$lBLL01$h1406
=CAT  \\$aIPL-CLA$c20221231$lBLL01$h1451
=CFI  0\$aCurrent copyright fee: GBP29.95$c22\1$e01-jan-2023$fGBP29.95$g0$hP$5Uk
=CFI  2\$aPrevious copyright fee: GBP34.00$c22\1$e11-sep-2018$fGBP34.00$g0$hP$5Uk
=EST  \\$a1
=FFP  \\$aY$bBLDSS-3PM
=FIN  \\$aY$d20130626
=FMT  \\$a  SE
=LAS  \\$aIPL-CLA$b00$c20221231$lBLL01$h1451
=MNI  \\$a2192-9262
=TOC  \\$aETOC
=UNO  \\$aY

