=LDR  04132cas a2200973 i 4500
=001  016420100
=003  Uk
=005  20230212113221.0
=006  m\\\\\\\\d\\\\\\\\
=007  cr\|||||||||||
=008  130308c20129999gw\qr\p\s\\\\\0\\\a0eng\\
=022  \\$y2192-6360
=040  \\$aUk$beng$cUk$erda
=042  \\$aukblsr
=082  04$a006.305$223
=245  00$aProgress in artificial intelligence.
=246  13$aPRAI
=264  \1$aHeidelberg :$bSpringer,$c2012-
=310  \\$aQuarterly
=336  \\$atext$2rdacontent
=337  \\$acomputer$2rdamedia
=338  \\$aonline resource$2rdacarrier
=362  0\$aVolume 1, issue 1 (April 2012)-
=500  \\$aTitle from table of contents page (SpringerLink, viewed June 26, 2013).
=500  \\$aPublished in cooperation with the Iberian associations of artificial intelligence, AEPIA and APPIA.
=540  \\$aCurrent copyright fee: GBP29.95$c22\1$5Uk
=588  \\$aLatest issue consulted: volume 2, issue 1 (March 2013); (viewed June 26, 2013).
=650  \0$aArtificial intelligence$vPeriodicals.
=710  2\$aAsociación Española de Inteligencia Artificial.
=710  2\$aAssociação Portuguesa para a Inteligência Artificial.
=776  08$iAlso issued in print as:
=852  \\$aBritish Library$bDSC$j6865.910800$3Volume 1:Issue 1(2012)-Volume 7:Issue 1(2018)***See ESTAR for full holdings.
=856  \\$31850-9999$uhttp://www.springer.com/gb/$xBLDSS
=856  40$uhttp://link.springer.com/journal/13748
=945  \\$aProgress in artificial intelligence.
=959  \\$fHeld but not currently received
=979  \\$aBritish Library$bDSC$j6865.910800
=985  \\$aISSN still free on portal, no evidence of print, 776 removed 26/5/13
=ACF  \\$aPrevious copyright fee: GBP27.55$c19\0$e01-apr-2016$fGBP27.55$g0$hP$5Uk
=ACF  \\$aPrevious copyright fee: GBP25.00$c22\1$e30-may-2013$fGBP25.00$g0$hP$5Uk
=ACF  \\$aPrevious copyright fee: GBP27.55$c22\1$e21-apr-2016$fGBP27.55$g0$hP$5Uk
=ACF  \\$aPrevious copyright fee: GBP29.59$c22\1$e01-oct-2016$fGBP29.59$g0$hP$5Uk
=ACF  \\$aPrevious copyright fee: GBP31.96$c22\1$e01-apr-2017$fGBP31.96$g0$hP$5Uk
=ACF  \\$aPrevious copyright fee: GBP30.73$c22\1$e01-oct-2017$fGBP30.73$g0$hP$5Uk
=ACF  \\$aPrevious copyright fee: GBP28.54$c22\1$e01-apr-2018$fGBP28.54$g0$hP$5Uk
=CAT  \\$a12654$b40$c20130530$lBLL01$h0914
=CAT  \\$a8124$b40$c20130626$lBLL01$h1002
=CAT  \\$a8124$b40$c20130626$lBLL01$h1003
=CAT  \\$a8124$b40$c20130626$lBLL01$h1023
=CAT  \\$a8124$b40$c20130626$lBLL01$h1109
=CAT  \\$a8124$b40$c20130626$lBLL01$h1112
=CAT  \\$a12654$b40$c20141106$lBLL01$h1133
=CAT  \\$aBLDSS-3PM$b00$c20150103$lBLL01$h1049
=CAT  \\$a5552$b40$c20160222$lBLL01$h0917
=CAT  \\$aIPL-CLA$c20160331$lBLL01$h1812
=CAT  \\$a5552$b40$c20160421$lBLL01$h1340
=CAT  \\$aBATCH-UPD$b40$c20160524$lBLL01$h2215
=CAT  \\$aBATCH-UPD$b40$c20160525$lBLL01$h0056
=CAT  \\$aBATCH-UPD$b40$c20160824$lBLL01$h1750
=CAT  \\$aIPL-CLA$c20160930$lBLL01$h1639
=CAT  \\$aBATCH-UPD$b00$c20170216$lBLL01$h1837
=CAT  \\$aIPL-CLA$c20170331$lBLL01$h1917
=CAT  \\$aBATCH-UPD$b00$c20170904$lBLL01$h1845
=CAT  \\$aIPL-CLA$c20170929$lBLL01$h1802
=CAT  \\$aBATCH-UPD$b00$c20180223$lBLL01$h1706
=CAT  \\$aIPL-CLA$c20180331$lBLL01$h1705
=CAT  \\$aW1805-0478$c20180520$lBLL01$h0949
=CAT  \\$aBATCH-UPD$b00$c20180524$lBLL01$h1709
=CAT  \\$aIPL-CLA$c20180630$lBLL01$h1938
=CAT  \\$aBATCH-UPD$b00$c20221121$lBLL01$h1406
=CAT  \\$aIPL-CLA$c20221231$lBLL01$h1451
=CAT  \\$a5410$b40$c20230202$lBLL01$h1118
=CAT  \\$a5410$b40$c20230212$lBLL01$h1132
=CAT  \\$a5410$b40$c20230212$lBLL01$h1132
=CFI  0\$aCurrent copyright fee: GBP29.95$c22\1$e01-jan-2023$fGBP29.95$g0$hP$5Uk
=CFI  2\$aPrevious copyright fee: GBP34.00$c22\1$e01-jul-2018$fGBP34.00$g0$hP$5Uk
=EST  \\$a1
=FFP  \\$aY$bBLDSS-3PM
=FIN  \\$aY$d20130626
=FMT  \\$a  SE
=LAS  \\$a5410$b40$c20230212$lBLL01$h1132
=MNI  \\$a2192-6352
=TOC  \\$aETOC
=UNO  \\$aY

