=LDR  03429cas a2200805 i 4500
=001  016420132
=003  Uk
=005  20221231145158.0
=006  m\\\\\\\\d\\\\\\\\
=007  cr\|||||||||||
=008  130308c20139999nyuqr\p\s\\\\\0\\\a0eng\\
=022  \\$y2194-041X
=040  \\$aUk$beng$cUk$erda
=042  \\$aukblsr
=082  04$a515.353$223
=245  00$aStochastic partial differential equations :$bAnalysis and computations.
=264  \1$aNew York :$bSpringer,$c2013-
=310  \\$aQuarterly
=336  \\$atext$2rdacontent
=337  \\$acomputer$2rdamedia
=338  \\$aonline resource$2rdacarrier
=362  0\$aVolume 1, issue 1 (March 2013)-
=500  \\$aTitle from table of contenst page (SpringerLink, viewed June 26, 2013).
=540  \\$aCurrent copyright fee: GBP29.95$c22\1$5Uk
=650  \0$aStochastic partial differential equations$vPeriodicals.
=852  41$aBritish Library$bDSC$j8465.296000$3Volume 1:Issue 1(2013)-Volume 6:Issue 1(2018)***See ESTAR for full holdings.
=856  \\$31850-9999$uhttp://www.springer.com/gb/$xBLDSS
=856  40$uhttp://link.springer.com/journal/40072
=945  \\$aStochastic Partial Differential Equations: Analysis and Computations
=959  \\$fHeld but not currently received
=985  \\$aISSNs print and online both still free on Portal, though quoted on journal home page
=ACF  \\$aPrevious copyright fee: GBP27.55$c19\0$e01-apr-2016$fGBP27.55$g0$hP$5Uk
=ACF  \\$aPrevious copyright fee: GBP25.00$c22\1$e30-may-2013$fGBP25.00$g0$hP$5Uk
=ACF  \\$aPrevious copyright fee: GBP27.55$c22\1$e21-apr-2016$fGBP27.55$g0$hP$5Uk
=ACF  \\$aPrevious copyright fee: GBP29.59$c22\1$e01-oct-2016$fGBP29.59$g0$hP$5Uk
=ACF  \\$aPrevious copyright fee: GBP31.96$c22\1$e01-apr-2017$fGBP31.96$g0$hP$5Uk
=ACF  \\$aPrevious copyright fee: GBP30.73$c22\1$e01-oct-2017$fGBP30.73$g0$hP$5Uk
=ACF  \\$aPrevious copyright fee: GBP28.54$c22\1$e01-apr-2018$fGBP28.54$g0$hP$5Uk
=CAT  \\$a12654$b40$c20130530$lBLL01$h1040
=CAT  \\$a8124$b40$c20130626$lBLL01$h0919
=CAT  \\$a8124$b40$c20130626$lBLL01$h1109
=CAT  \\$aBLDSS-3PM$b00$c20150103$lBLL01$h1049
=CAT  \\$a5552$b40$c20160222$lBLL01$h0916
=CAT  \\$aIPL-CLA$c20160331$lBLL01$h1812
=CAT  \\$a5552$b40$c20160421$lBLL01$h1342
=CAT  \\$aBATCH-UPD$b40$c20160524$lBLL01$h2215
=CAT  \\$aBATCH-UPD$b40$c20160525$lBLL01$h0056
=CAT  \\$aBATCH-UPD$b40$c20160824$lBLL01$h1750
=CAT  \\$aIPL-CLA$c20160930$lBLL01$h1639
=CAT  \\$aBATCH-UPD$b00$c20170216$lBLL01$h1837
=CAT  \\$aIPL-CLA$c20170331$lBLL01$h1917
=CAT  \\$aBATCH-UPD$b00$c20170904$lBLL01$h1845
=CAT  \\$aIPL-CLA$c20170929$lBLL01$h1802
=CAT  \\$aBATCH-UPD$b00$c20180223$lBLL01$h1706
=CAT  \\$aIPL-CLA$c20180331$lBLL01$h1705
=CAT  \\$aW1805-0478$c20180520$lBLL01$h0949
=CAT  \\$aBATCH-UPD$b00$c20180524$lBLL01$h1709
=CAT  \\$aIPL-CLA$c20180630$lBLL01$h1938
=CAT  \\$aBATCH-UPD$b00$c20221121$lBLL01$h1406
=CAT  \\$aIPL-CLA$c20221231$lBLL01$h1451
=CFI  0\$aCurrent copyright fee: GBP29.95$c22\1$e01-jan-2023$fGBP29.95$g0$hP$5Uk
=CFI  2\$aPrevious copyright fee: GBP34.00$c22\1$e01-jul-2018$fGBP34.00$g0$hP$5Uk
=EST  \\$a1
=FFP  \\$aY$bBLDSS-3PM
=FIN  \\$aY$d20130626
=FMT  \\$a  SE
=LAS  \\$aIPL-CLA$b00$c20221231$lBLL01$h1451
=MNI  \\$a2194-0401
=TOC  \\$aETOC
=UNO  \\$aY

