=LDR  01870 as a2200493 i 4500
=001  016423590
=003  Uk
=005  20131104105057.0
=007  ta
=008  130603c20139999enkar\\\\\s\\\0\\\a0eng\\
=015  \\$aGBB396294$2bnb
=022  0\$a2052-8876
=040  \\$aUk$beng$cUk$erda
=042  \\$aukblsr
=082  04$a333.95614$223
=110  2\$aMarine Stewardship Council,$eauthor.
=222  \0$aGlobal impacts report$b(English ed. Print)
=245  10$aGlobal impacts report /$cMarine Stewardship Council.
=264  \1$aLondon :$bMarine Stewardship Council,$c2013-
=300  \\$billustrations (colour) ;$c30 cm
=310  \\$aAnnual
=336  \\$atext$2rdacontent
=337  \\$aunmediated$2rdamedia
=338  \\$avolume$2rdacarrier
=362  0\$a2013-
=610  20$aMarine Stewardship Council$vPeriodicals.
=650  \0$aFisheries$xEnvironmental aspects$xStandards$vPeriodicals.
=650  \0$aFisheries$xEnvironmental aspects$vStatistics$vPeriodicals.
=650  \0$aFisheries$xEnvironmental aspects$vPeriodicals.
=650  \0$aSustainable fisheries$xEvaluation$vPeriodicals.
=650  \0$aSustainable fisheries$vPeriodicals.
=776  08$iAlso issued online as:$tGlobal impacts report$c(English ed. Online)$x2052-8884
=852  41$aBritish Library$bHMNTS$jZK.9.b.32349$32013- 2017
=985  \\$aISSN transferred before completion to ISSN International Centre (publisher is international body), September 4 2013.
=CAT  \\$a11313$b40$c20130603$lBLL01$h0853
=CAT  \\$a11313$b40$c20130603$lBLL01$h0857
=CAT  \\$a11313$b40$c20130904$lBLL01$h0901
=CAT  \\$a11313$b40$c20130904$lBLL01$h0906
=CAT  \\$a8323$b40$c20131021$lBLL01$h1029
=CAT  \\$a11313$b40$c20131104$lBLL01$h1050
=FIN  \\$aY$d20131021
=FMT  \\$a  SE
=LAS  \\$a11313$b40$c20131104$lBLL01$h1050
=LET  \0$aGlobal impacts report (English ed. Print)

