=LDR  01176 as a22003378i 4500
=001  016423595
=003  Uk
=005  20140207153401.0
=007  ta
=008  130603c20139999enkar\p\\\\\\\0\\\a0eng\\
=022  0\$a2052-8892
=040  \\$aUk$beng$cUk$erda
=222  \0$aGlobal impacts summary report$b(English ed. Print)
=245  00$aGlobal impacts summary report.
=250  \\$aEnglish edition
=263  \\$a201307
=264  \1$aLondon :$bMarine Stewardship Council
=310  \\$aAnnual
=336  \\$atext$2rdacontent
=337  \\$aunmediated$2rdamedia
=338  \\$avolume$2rdacarrier
=776  08$iAlso issued online as:$tGlobal impacts summary report$c(English ed. Online)$x2052-8906
=852  41$aBritish Library$bHMNTS
=985  \\$aISSN transferred before completion to ISSN International Centre (publisher is international body), September 4 2013.
=CAT  \\$a11313$b40$c20130603$lBLL01$h0920
=CAT  \\$a11313$b40$c20130904$lBLL01$h0902
=CAT  \\$a11313$b40$c20130904$lBLL01$h0906
=CAT  \\$a10973$b40$c20140207$lBLL01$h1534
=FMT  \\$a  SE
=LAS  \\$a10973$b40$c20140207$lBLL01$h1534
=LET  \0$aGlobal impacts report summary (English ed. Print)

