=LDR  03785cas a2200877 i 4500
=001  016429311
=003  Uk
=005  20221231232237.0
=007  ta
=008  130611c20139999enktr\p\\\\\\\0\\\a0eng\\
=015  \\$aGBB353844$2bnb
=022  \\$a2169-3293
=040  \\$aUk$beng$cUk$dUk$erda
=042  \\$aukblsr
=082  04$a303.4$223
=130  0\$aResilience (Abingdon, England)
=245  10$aResilience :$binternational policies, practices and discourses.
=264  \1$aAbingdon :$bTaylor and Francis,$c2013-
=300  \\$c25 cm
=310  \\$aThree times a year
=336  \\$atext$2rdacontent
=337  \\$aunmediated$2rdamedia
=338  \\$avolume$2rdacarrier
=362  0\$aVol. 1, issue 1 (April 2013)-
=540  \\$aCurrent copyright fee: GBP37.00$c2\0$5Uk
=650  \0$aOrganizational resilience$vPeriodicals.
=650  \0$aEmergency management$vPeriodicals.
=650  \0$aResilience (Personality trait)$xSocial aspects$vPeriodicals.
=690  7\$aSocial Welfare$2blcoll
=776  08$iAlso issued online as:$tResilience$x2169-3307
=852  41$aBritish Library$bHMNTS$jZC.9.a.9412$3Vol. 1, issue 1 (2013)-v. 3, issue 3 (2015)***title now taken as electronic copy only
=856  \\$31850-9999$uhttp://www.tandfonline.com/$xBLDSS
=945  \\$aResilience -Abingdon-.
=979  \\$aBritish Library$bDSC$j7777.253200N
=985  \\$aISSN Portal record is Work level status 222 not included - 24/11/15
=ACF  \\$aPrevious Copyright Fee: GBP25.00$c0$e01-oct-2013$fGBP25.00$g0$hC$5Uk
=ACF  \\$aPrevious Copyright Fee: GBP28.75$c0$e01-jan-2015$fGBP28.75$g0$hC$5Uk
=ACF  \\$aPrevious Copyright Fee: GBP27.60$c0$e01-jan-2014$fGBP27.60$g0$hC$5Uk
=ACF  \\$aPrevious Copyright Fee: GBP25.00$c2\0$e23-feb-2015$fGBP25.00$g0$hP$5Uk
=ACF  \\$aPrevious copyright fee: GBP26.00$c2\0$e01-jan-2016$fGBP26.00$g0$hP$5Uk
=ACF  \\$aPrevious copyright fee: GBP28.00$c2\0$e01-jan-2017$fGBP28.00$g0$hP$5Uk
=ACF  \\$aPrevious copyright fee: GBP30.00$c2\0$e01-jan-2018$fGBP30.00$g0$hP$5Uk
=ACF  \\$aPrevious copyright fee: GBP32.00$c2\0$e01-jan-2019$fGBP32.00$g0$hP$5Uk
=ACF  \\$aPrevious copyright fee: GBP34.00$c2\0$e01-jan-2020$fGBP34.00$g0$hP$5Uk
=CAT  \\$a5110$b40$c20130611$lBLL01$h1328
=CAT  \\$aIPL-CLA$c20140101$lBLL01$h0212
=CAT  \\$aBATCH-CLA$b00$c20141128$lBLL01$h0928
=CAT  \\$aIPL-CLA$c20141231$lBLL01$h1704
=CAT  \\$a5552$b40$c20150223$lBLL01$h1601
=CAT  \\$aBATCH-SWP$c20150227$lBLL01$h2315
=CAT  \\$aBLDSS-3PM$b00$c20150513$lBLL01$h0807
=CAT  \\$aBATCH-UPD$b00$c20151119$lBLL01$h1546
=CAT  \\$a11316$b40$c20151124$lBLL01$h1134
=CAT  \\$aIPL-CLA$c20151231$lBLL01$h1935
=CAT  \\$aBATCH-UPD$b00$c20160413$lBLL01$h1826
=CAT  \\$aBATCH-UPD$b00$c20161122$lBLL01$h1515
=CAT  \\$aBATCH-UPD$b00$c20161122$lBLL01$h1626
=CAT  \\$aIPL-CLA$c20161231$lBLL01$h0011
=CAT  \\$a5552$b40$c20170223$lBLL01$h1141
=CAT  \\$a5410$b40$c20170302$lBLL01$h1045
=CAT  \\$aBATCH-UPD$b40$c20171121$lBLL01$h1650
=CAT  \\$aIPL-CLA$c20171231$lBLL01$h1819
=CAT  \\$aBATCH-UPD$b00$c20181217$lBLL01$h1640
=CAT  \\$aIPL-CLA$c20181231$lBLL01$h1553
=CAT  \\$aBATCH-UPD$b00$c20191122$lBLL01$h1903
=CAT  \\$aIPL-CLA$c20191231$lBLL01$h2035
=CAT  \\$aBATCH-UPD$b00$c20201118$lBLL01$h1336
=CAT  \\$aIPL-CLA$c20201231$lBLL01$h2337
=CAT  \\$aBATCH-UPD$b00$c20221121$lBLL01$h1349
=CAT  \\$aIPL-CLA$c20221231$lBLL01$h2322
=CFI  0\$aCurrent copyright fee: GBP37.00$c2\0$e01-jan-2023$fGBP37.00$g0$hP$5Uk
=CFI  2\$aPrevious copyright fee: GBP35.00$c2\0$e01-jan-2021$fGBP35.00$g0$hP$5Uk
=FFP  \\$aY$bBLDSS-3PM
=FIN  \\$aY$d20130610
=FMT  \\$a  SE
=LAS  \\$aIPL-CLA$b00$c20221231$lBLL01$h2322

