=LDR  03954 as a2200829 i 4500
=001  016431005
=003  Uk
=005  20191231203509.0
=007  ta
=008  130613c20139999maumr\p\\\\\\\0\\\a0eng\\
=015  \\$aGBB354397$2bnb
=022  \\$a2169-9313
=040  \\$aUk$beng$cUk$erda
=042  \\$aukblsr
=082  04$a551.1$223
=245  00$aJournal of geophysical research.$pSolid earth.
=246  30$aSolid earth
=246  13$aJGR.$pSolid earth
=264  \1$aMalden MA :$bOn behalf of the American Geophysical Union by Wiley Subscription Services, Inc,$c2013-
=300  \\$billustrations (black and white, and colour) ;$c21 x 28 cm and 28 x 21 cm
=310  \\$aMonthly
=336  \\$atext$2rdacontent
=337  \\$aunmediated$2rdamedia
=338  \\$avolume$2rdacarrier
=362  0\$aVolume 118, issue 1 (January 2013)-
=500  \\$aResource issued in two versions, one in standard A4 format, the other A4 landscape, with content reduced to half size.
=540  \\$aCurrent Copyright Fee: GBP39.00$c35\0$5Uk
=650  \0$aGeomagnetism$vPeriodicals.
=650  \0$aGeochemistry$vPeriodicals.
=650  \0$aGeophysics$vPeriodicals.
=650  \0$aEarth sciences$vPeriodicals.
=710  2\$aAmerican Geophysical Union,$eissuing body.
=776  08$iAlso issued online as:$tJournal of geophysical research. Solid earth$x2169-9356
=780  01$tJournal of geophysical research$x0148-0227
=852  41$aBritish Library$bDSC$j4995.009000$3Vol. 118 (2013)
=852  41$aBritish Library$bSTI$k(P)$hNV00$m-E(6)$3Vol. 118 (2013)
=856  \\$31850-9999$uhttp://onlinelibrary.wiley.com/$xBLDSS
=945  \\$aJournal of geophysical research solid earth
=959  \\$fHeld but not currently received
=985  \\$aBetween 1977-2012 some volumes of 'Journal of geophysical research' were issued in parts A-G. These parts were catalogued as part of the main title by BL, LC and U.S. ISSN Center. (There was continuous pagination through all sections.) From 2013- split into individual titles. This pattern followed in cataloguing for print and online titles but separate records for microfilm copies of some earlier parts are in BL collection. - MP, 11/6/13.
=ACF  \\$aPrevious copyright fee: GBP22.00$c35\0$e01-jul-2013$fGBP22.00$g0$hP$5Uk
=ACF  \\$aPrevious copyright fee: GBP24.00$c35\0$e01-mar-2015$fGBP24.00$g0$hP$5Uk
=CAT  \\$a5997$b40$c20130613$lBLL01$h1218
=CAT  \\$a5552$b40$c20130701$lBLL01$h1223
=CAT  \\$a8409$b40$c20130821$lBLL01$h1144
=CAT  \\$a10729$b40$c20131007$lBLL01$h1145
=CAT  \\$a8335$b40$c20131113$lBLL01$h1206
=CAT  \\$a8335$b40$c20131113$lBLL01$h1211
=CAT  \\$aBATCH-CLA$b00$c20140125$lBLL01$h1325
=CAT  \\$a6558$b40$c20140224$lBLL01$h1358
=CAT  \\$aBATCH-CLA$c20140225$lBLL01$h2342
=CAT  \\$aBLDSS-3PM$b00$c20141214$lBLL01$h1527
=CAT  \\$a10932$b40$c20141215$lBLL01$h1440
=CAT  \\$aBATCH-UPD$b40$c20150215$lBLL01$h1706
=CAT  \\$aIPL-CLA$c20150228$lBLL01$h2057
=CAT  \\$aBATCH-UPD$b00$c20180219$lBLL01$h1756
=CAT  \\$aBATCH-UPD$b00$c20180219$lBLL01$h2104
=CAT  \\$aBATCH-UPD$b00$c20181121$lBLL01$h1626
=CAT  \\$aIPL-CLA$c20181231$lBLL01$h1553
=CAT  \\$aR1911-0245$c20191127$lBLL01$h0944
=CAT  \\$aR1911-0245$c20191127$lBLL01$h1045
=CAT  \\$aIPL-CLA$c20191231$lBLL01$h2035
=CFI  0\$aCurrent Copyright Fee: GBP39.00$c35\0$e01-jan-2020$fGBP39.00$g0$hP$5Uk
=CFI  2\$aPrevious copyright fee: GBP28.00$c35\0$e01-jan-2019$fGBP28.00$g0$hP$5Uk
=FFP  \\$aY$bBLDSS-3PM
=FIN  \\$aY$d20130613
=FMT  \\$a  SE
=LAS  \\$aIPL-CLA$b00$c20191231$lBLL01$h2035
=LKR  \\$aPAR$b010489797$lBLL01$nJournal of geophysical research$mJournal of geophysical research. Solids earth$r78001
=LKR  \\$aPAR$b016324200$lBLL01$nJournal of geophysical research. Solids earth (Online)$mJournal of geophysical research. Solids earth (Print)$r776
=TOC  \\$aETOC
=UNO  \\$aY

