=LDR  01544 as a22004098i 4500
=001  016431313
=003  Uk
=005  20160314073004.0
=006  m\\\\\\\\d\|\\\\\\
=007  cr||||||||||||
=008  130613c20139999enkqr\p\o\\\\\0\\\a0eng\\
=022  0\$a2053-0153$202
=037  \\$aISSN_20530153$bPortico$nWiley
=040  \\$aUk$beng$cUk$erda
=222  \0$aPsychologyOpen
=245  00$aPsychologyOpen.
=246  13$aPsychology open
=263  \\$a201310
=264  \1$aOxford :$bWiley-Blackwell
=310  \\$aQuarterly
=336  \\$atext$2rdacontent
=337  \\$acomputer$2rdamedia
=338  \\$aonline resource$2rdacarrier
=540  \\$aCurrent Copyright Fee: GBP22.00$c0$5Uk
=852  41$aBritish Library$bHMNTS$jELD Digital store$3Content not received
=859  \\$aELD$bejournal
=985  \\$aISSN UK Centre note: Information from Wiley: title ceased in 2014 and issues removed from Wiley Online Library that same year. (Email correspondence with Wiley Customer Services, March 11 2016.) Unable to complete ISSN record. ISSN UK, 14.03.2016.
=CAT  \\$a11313$b40$c20130613$lBLL01$h1434
=CAT  \\$a14112$b40$c20131220$lBLL01$h1303
=CAT  \\$a14112$b40$c20140131$lBLL01$h1552
=CAT  \\$aBATCH-CLA$b00$c20140530$lBLL01$h1707
=CAT  \\$aIPL-CLA$c20140630$lBLL01$h1759
=CAT  \\$a11313$b40$c20160314$lBLL01$h0730
=CAT  \\$aW1711-1005$c20171206$lBLL01$h1825
=CFI  0\$aCurrent Copyright Fee: GBP22.00$c0$e01-jul-2014$fGBP22.00$g0$hC$5Uk
=FMT  \\$a  SE
=LAS  \\$aW1711-1005$b00$c20171206$lBLL01$h1825

