=LDR  01191 as a2200361 i 4500
=001  016477227
=003  Uk
=005  20130821094102.0
=007  ta
=008  130820c20109999enkuu\p\\\\\\\0\\\a0eng\\
=022  \\$y1462-379x
=040  \\$aUk$beng$cUk$erda
=042  \\$aukblsr
=082  04$a332.632$223
=245  00$aEuropean large cap indices research yearbook.
=246  17$aEuropean indices research yearbook
=264  \1$aLondon :$bAQ Research Ltd,$c2010-
=300  \\$billustrations (colour) ;$c30 cm
=336  \\$atext$2rdacontent
=337  \\$aunmediated$2rdamedia
=338  \\$avolume$2rdacarrier
=362  0\$a2010-
=650  \0$aStock price indexes$zEurope$vPeriodicals.
=690  7\$aManagement and Business Studies$2blcoll
=852  41$aBritish Library$bHMNTS$jZK.9.b.33154$32010
=985  \\$aDecision not to issue new ISSN at cataloguing stage as frequency of publication is not guaranteed.
=CAT  \\$a8483$b40$c20130820$lBLL01$h1630
=CAT  \\$a8483$b40$c20130821$lBLL01$h0940
=CAT  \\$a8483$b40$c20130821$lBLL01$h0941
=CAT  \\$aBATCH-MBS$c20141212$lBLL01$h2209
=FIN  \\$aY$d20130820
=FMT  \\$a  SE
=LAS  \\$aBATCH-MBS$b00$c20141212$lBLL01$h2209

