=LDR  03810cas a2200865 i 4500
=001  016493844
=003  Uk
=005  20230930081033.0
=007  ta
=008  130910c20129999enkqr\p\\\\\\\0\\\a0eng\\
=015  \\$aGBB381636$2bnb
=022  0\$a2164-828X
=040  \\$aUk$beng$cUk$erda
=042  \\$aukblsr
=082  04$a338.476413$223
=245  00$aFood economics.
=264  \1$aAbingdon, Oxon :$bTaylor & Francis,$c2012-
=300  \\$billustrations (black and white) ;$c28 cm
=310  \\$aQuarterly
=336  \\$atext$2rdacontent
=337  \\$aunmediated$2rdamedia
=338  \\$avolume$2rdacarrier
=362  1\$aBegan with volume 9, issue 1 (April/June 2012).
=540  \\$aCurrent copyright fee: GBP46.00$c2\0$5Uk
=588  \\$aDescription based on: volume 9, number 3 (2012).
=650  \0$aFood industry and trade$xEconomic aspects$vPeriodicals.
=690  7\$aManagement and Business Studies$2blcoll
=780  00$tActa agriculturæ Scandinavica. Section C, Food economics$x1650-7541
=852  11$aBritish Library$bSTI$k(P)$h338.476413$m-E(1)$3Vol. 9, no. 3 (2012), V. 9, no. 4 (2014)
=856  \\$31850-9999$uhttp://www.tandfonline.com/$xBLDSS
=945  \\$aFood economics
=979  \\$aBritish Library$bDSC$j3977.330000N
=985  \\$aISSN record still United States "Work record" on Portal 10/9/11, 222 not included CS
=ACF  \\$aPrevious copyright fee: GBP27.50$c15\0$e19-dec-2013$fGBP27.50$g0$hP$5Uk
=ACF  \\$aPrevious copyright fee: GBP28.00$c15\0$e01-jan-2014$fGBP28.00$g0$hP$5Uk
=ACF  \\$aPrevious copyright fee: GBP30.00$c15\0$e01-jan-2015$fGBP30.00$g0$hP$5Uk
=ACF  \\$aPrevious copyright fee: GBP34.00$c15\0$e01-jan-2016$fGBP34.00$g0$hP$5Uk
=ACF  \\$aPrevious copyright fee: GBP36.00$c15\0$e01-jan-2017$fGBP36.00$g0$hP$5Uk
=ACF  \\$aPrevious copyright fee: GBP38.00$c15\0$e01-jan-2018$fGBP38.00$g0$hP$5Uk
=ACF  \\$aPrevious copyright fee: GBP40.00$c15\0$e01-jan-2019$fGBP40.00$g0$hP$5Uk
=ACF  \\$aPrevious copyright fee: GBP42.00$c15\0$e01-jan-2020$fGBP42.00$g0$hP$5Uk
=ACF  \\$aPrevious copyright fee: GBP44.00$c15\0$e01-jan-2021$fGBP44.00$g0$hP$5Uk
=CAT  \\$a8124$b40$c20130910$lBLL01$h1430
=CAT  \\$a5552$b40$c20131217$lBLL01$h1053
=CAT  \\$a8409$b40$c20131220$lBLL01$h1632
=CAT  \\$aIPL-CLA$c20140101$lBLL01$h0215
=CAT  \\$aBATCH-MBS$c20140829$lBLL01$h2206
=CAT  \\$aBATCH-UPD$b00$c20141124$lBLL01$h1744
=CAT  \\$aBLDSS-3PM$b00$c20141130$lBLL01$h1251
=CAT  \\$aIPL-CLA$c20141231$lBLL01$h1704
=CAT  \\$aBATCH-UPD$b00$c20151119$lBLL01$h1527
=CAT  \\$aIPL-CLA$c20151231$lBLL01$h1935
=CAT  \\$aBATCH-UPD$b00$c20160620$lBLL01$h0226
=CAT  \\$aBATCH-UPD$b00$c20161122$lBLL01$h1456
=CAT  \\$aIPL-CLA$c20161231$lBLL01$h0013
=CAT  \\$aBATCH-UPD$b00$c20171121$lBLL01$h1632
=CAT  \\$aIPL-CLA$c20171231$lBLL01$h1820
=CAT  \\$aBATCH-UPD$b00$c20181217$lBLL01$h1633
=CAT  \\$aIPL-CLA$c20181231$lBLL01$h1553
=CAT  \\$aBATCH-UPD$b00$c20191122$lBLL01$h1855
=CAT  \\$aIPL-CLA$c20191231$lBLL01$h2035
=CAT  \\$aBATCH-UPD$b00$c20201118$lBLL01$h1328
=CAT  \\$aIPL-CLA$c20201231$lBLL01$h1532
=CAT  \\$aBATCH-UPD$b00$c20221121$lBLL01$h1326
=CAT  \\$aIPL-CLA$c20221231$lBLL01$h1452
=CAT  \\$aR2308-1440$c20230824$lBLL01$h0930
=CAT  \\$aIPL-CLA$c20230930$lBLL01$h0810
=CFI  0\$aCurrent copyright fee: GBP46.00$c2\0$e01-oct-2023$fGBP46.00$g0$hP$5Uk
=CFI  2\$aPrevious copyright fee: GBP46.00$c15\0$e01-jan-2023$fGBP46.00$g0$hP$5Uk
=FFP  \\$aY$bBLDSS-3PM
=FIN  \\$aY$d20130910
=FMT  \\$a  SE
=LAS  \\$aIPL-CLA$b00$c20230930$lBLL01$h0810
=LKR  \\$aPAR$b005406115$lBLL01$r78000$mFood economics.$nActa agriculturae Scandinavica. Section C, Food economics
=TOC  \\$aETOC

