=LDR  03281 as a2200709 i 4500
=001  016500875
=003  Uk
=005  20210526105114.0
=006  m\\\\\|\\d\|\\\\\\
=007  cr\|||||||||||
=008  130919c20079999enkuu\p\o\\\\\0\\\a0eng\\
=015  \\$aGBB385795$2bnb
=022  0\$y1026-4396
=040  \\$aUk$beng$cUk$dUk$erda
=042  \\$aukblsr
=082  04$a428.0071$223
=245  00$aTTED newsletter :$bnewsletter of the Teacher Trainers and Educators Special Interest Group.
=246  1\$iTitle of short duration:$aTTED & TEA newsletter,$fIssue 2 (Nov. 2008)
=246  3\$aTeacher Trainers and Educators newsletter
=246  1\$iTitle of short duration :$aTeacher training and education,$fSpecial issue May 2012-October 2012
=246  1\$iTitle bar title:$aIATEFL TTEdSIG newsletter
=246  14$aNewsletter of the Teacher Trainers and Educators Special Interest Group
=264  \1$a[Faversham] :$bIATEFL
=300  \\$billustrations (black and white)
=336  \\$atext$2rdacontent
=337  \\$acomputer$2rdamedia
=338  \\$aonline resource$2rdacarrier
=362  1\$aPrint began with issue 1 (Apr. 2007).
=362  0\$a-January 2016.
=540  \\$aCurrent Copyright Fee: GBP12.30$c0$5Uk
=550  \\$aIssued by the IATEFL Teacher Trainers and Educators SIG. From 2008, issued by IATEFL Teacher Training & Education.
=580  \\$aOriginal print version preceded by earlier title: TTED & ESOL newsletter.
=588  \\$aDescription based on print version record.
=588  \\$aLatest issue consulted: January 2016.
=650  \0$aEnglish language$xStudy and teaching$xForeign speakers$vPeriodicals.
=650  \0$aTeachers$xTraining of$vPeriodicals.
=710  2\$aIATEFL Teacher Trainers and Educators SIG,$eissuing body.
=710  2\$aIATEFL Teacher Training & Education,$eissuing body.
=776  08$iAlso issued in print as:$tTTED newsletter
=852  41$aBritish Library$bHMNTS$jELD Digital store$3(2012:May)Special Issue-(2016:Jan.)
=856  4\$uhttps://ttedsig.iatefl.org/newsletter/$zTo subscribe
=859  \\$aELD$bejournal
=985  \\$aRecord originally completed by DQ based on Oct. 2012 PDF sent by email.
=985  \\$aISSN needs to be assigned by IC. This is the previous title to 020200700 - rather than the The Special Interest Group for Teacher Trainers as stated in the ISSN Portal for record 2520-2642. (ED 25.5.21).
=CAT  \\$a8201E$b40$c20130919$lBLL01$h1503
=CAT  \\$a8201E$b40$c20131004$lBLL01$h1607
=CAT  \\$aBATCH-CLA$b00$c20131129$lBLL01$h1705
=CAT  \\$aIPL-CLA$c20140101$lBLL01$h0215
=CAT  \\$aWR14.047$c20140417$lBLL01$h1646
=CAT  \\$a8201$b40$c20140521$lBLL01$h0957
=CAT  \\$aBATCH-UPD$b40$c20160309$lBLL01$h1923
=CAT  \\$aW1711-1005$c20171206$lBLL01$h1825
=CAT  \\$a8483$b40$c20210504$lBLL01$h1233
=CAT  \\$a8483$b40$c20210525$lBLL01$h1453
=CAT  \\$a8483$b40$c20210525$lBLL01$h1457
=CAT  \\$a8483$b40$c20210526$lBLL01$h1051
=CFI  0\$aCurrent Copyright Fee: GBP12.30$c0$e01-jan-2014$fGBP12.30$g0$hC$5Uk
=FIN  \\$aY$d20130919
=FMT  \\$a  SE
=LAS  \\$a8483$b40$c20210526$lBLL01$h1051
=LET  \0$aTTED newsletter (Electronic)
=LKR  \\$aPAR$b014600912$lBLL01$nTTED newsletter (Print)$mTTED newsletter (Online)$r776

