=LDR  03889cas a2200949 i 4500
=001  016519795
=003  Uk
=005  20230416114829.0
=006  m\\\\\\\\d\\\\\\\\
=007  cr\|||||||||||
=008  131015c20149999njumr\p\s\\\\\0\\\a0eng\\
=015  \\$aGBB430850$2bnb
=022  \\$a2326-5205
=037  \\$aISSN_23265191$bPortico$nWiley
=040  \\$aUk$beng$cUk$erda
=042  \\$aukblsr
=082  04$a616.72$223
=245  00$aArthritis & rheumatology.
=246  3\$aArthritis and rheumatology
=246  13$iAlso known as:$aA & R
=264  \1$aMalden, MA :$bJohn Wiley & Sons Inc,$c2014-
=310  \\$aMonthly
=336  \\$atext$2rdacontent
=337  \\$acomputer$2rdamedia
=338  \\$aonline resource$2rdacarrier
=362  0\$aVolume 66, issue 1 (January 2014)-
=500  \\$aTitle from journal home page (Wiley Online Library, viewed February 18, 2014).
=540  \\$aCurrent Copyright Fee: GBP46.00$c35\0$5Uk
=588  \\$aLatest issue consulted: volume 66, issue 2 (February 2014) (viewed February 18, 2014).
=650  \0$aArthritis$vPeriodicals.
=650  \0$aRheumatism$vPeriodicals.
=710  2\$aAmerican College of Rheumatology,$eissuing body.
=776  08$iAlso issued in print as:$tArthritis and rheumatology$x2326-5191
=780  00$tArthritis and rheumatism (Online)$x1529-0131
=852  41$aBritish Library$bDSC$j1733.820000$3Volume 66:Issue 1(2014)-Volume 70:Issue 3(2018)***See ESTAR for full holdings.
=852  41$aBritish Library$bHMNTS$jELD Digital store$3Volume 66:Issue 1(2014)-***Previous issues available in print copy
=856  \\$31850-9999$uhttp://onlinelibrary.wiley.com/$xBLDSS
=856  40$uhttp://onlinelibrary.wiley.com/journal/10.1002/(ISSN)2326-5205
=859  \\$aELD$bejournal
=945  \\$aArthritis & Rheumatology
=959  \\$fHeld but not currently received
=979  \\$aBritish Library$bDSC$j1733.820000
=985  \\$aISSN still work on Portal, 222 not added
=ACF  \\$aPrevious copyright fee: GBP22.00$c35\0$e15-oct-2013$fGBP22.00$g0$hP$5Uk
=ACF  \\$aPrevious copyright fee: GBP24.00$c35\0$e01-mar-2015$fGBP24.00$g0$hP$5Uk
=CAT  \\$a12654$b40$c20131015$lBLL01$h0953
=CAT  \\$a12654$b40$c20131015$lBLL01$h0954
=CAT  \\$a8124$b40$c20140218$lBLL01$h1247
=CAT  \\$a8124$b40$c20140218$lBLL01$h1251
=CAT  \\$a8124$b40$c20140218$lBLL01$h1252
=CAT  \\$a8124$b40$c20140218$lBLL01$h1415
=CAT  \\$a8124$b40$c20140313$lBLL01$h0916
=CAT  \\$a8411$b40$c20140324$lBLL01$h1158
=CAT  \\$a8411$b40$c20140324$lBLL01$h1210
=CAT  \\$a10983$b40$c20140514$lBLL01$h0957
=CAT  \\$aBLDSS-3PM$b00$c20141214$lBLL01$h1527
=CAT  \\$aBATCH-UPD$b00$c20150215$lBLL01$h1707
=CAT  \\$aIPL-CLA$c20150228$lBLL01$h2058
=CAT  \\$aBATCH-UPD$b00$c20160518$lBLL01$h1848
=CAT  \\$aW1711-1005$c20171206$lBLL01$h1825
=CAT  \\$aBATCH-UPD$b00$c20180219$lBLL01$h1756
=CAT  \\$a5410$b40$c20180227$lBLL01$h1403
=CAT  \\$aW1805-0471$c20180520$lBLL01$h1140
=CAT  \\$a8874$b40$c20180601$lBLL01$h0958
=CAT  \\$aBATCH-UPD$b40$c20181121$lBLL01$h1626
=CAT  \\$aIPL-CLA$c20181231$lBLL01$h1553
=CAT  \\$aR1911-0245$c20191127$lBLL01$h1015
=CAT  \\$aR1911-0245$c20191127$lBLL01$h1031
=CAT  \\$aR1911-0245$c20191127$lBLL01$h1034
=CAT  \\$aIPL-CLA$c20191231$lBLL01$h2036
=CAT  \\$a5410$b40$c20230416$lBLL01$h1148
=CFI  0\$aCurrent Copyright Fee: GBP46.00$c35\0$e01-jan-2020$fGBP46.00$g0$hP$5Uk
=CFI  2\$aPrevious copyright fee: GBP28.00$c35\0$e01-jan-2019$fGBP28.00$g0$hP$5Uk
=EST  \\$a1
=FFP  \\$aY$bBLDSS-3PM
=FIN  \\$aY$d20140218
=FMT  \\$a  SE
=LAS  \\$a5410$b40$c20230416$lBLL01$h1148
=LKR  \\$aPAR$b013345529$lBLL01$nArthritis and rheumatism (Online)$mArthritis and rheumatology (Online)$r78000
=MNI  \\$a2326-5191
=TOC  \\$aETOC
=UNO  \\$aY

