=LDR  02085 as a2200493 i 4500
=001  016522094
=003  Uk
=005  20131016105505.0
=007  ta
=008  131016c20079999ie\ar\p\\\\\\\0\\\a0eng\\
=022  0\$a1649-6388
=040  \\$aUk$beng$cUk$erda
=042  \\$aukblsr
=082  04$a339.2209417$222
=222  \0$aSurvey on income and living conditions$b(Cork)
=245  00$aSurvey on income and living conditions (SILC).
=246  1\$iTitle of short duration:$aSurvey on income and living conditions (SILC) in Ireland
=264  \1$aDublin :$bCentral Statistics Office, Ireland,$c[2008]-
=300  \\$billustrations (colour) ;$c30 cm.
=310  \\$aAnnual
=336  \\$atext$2rdacontent
=337  \\$aunmediated$2rdamedia
=338  \\$avolume$2rdacarrier
=362  1\$aBegan with 2007.
=490  1\$32013- :$aStatistical release
=588  \\$aDescription based on: 2011 & revised 2010 results issue, published 13 February 2013.
=610  10$aIreland.$bCentral Statistics Office$vPeriodicals.
=650  \0$aPoverty$zIreland$vStatistics$vPeriodicals.
=650  \0$aPoverty$xHealth aspects$zIreland$vStatistics$vPeriodicals.
=650  \0$aIncome distribution$zIreland$vStatistics$vPeriodicals.
=650  \0$aSocial indicators$zIreland$vPeriodicals.
=690  7\$aManagement and Business Studies$2blcoll
=710  1\$aIreland.$bCentral Statistics Office.
=780  00$tEU survey on income and living conditions (EU-SILC)
=830  \0$aStatistical release (Ireland. Central Statistics Office)
=852  41$aBritish Library$bHMNTS$jZK.9.b.32808$32011-Year 2013(2015)
=985  \\$aDone as a C/T, but Irish ISSN Centre amended the key title so that EU was regarded as a variant.
=CAT  \\$a8483$b40$c20131016$lBLL01$h1053
=CAT  \\$a8483$b40$c20131016$lBLL01$h1055
=CAT  \\$aBATCH-MBS$c20140718$lBLL01$h2156
=FIN  \\$aY$d20131016
=FMT  \\$a  SE
=LAS  \\$aBATCH-MBS$b00$c20140718$lBLL01$h2156
=LKR  \\$aPAR$b015303607$lBLL01$r78000$mSurvey on income and living conditions (Cork)$nEU survey on income and living conditions (EU-SILC).

