=LDR  03402cas a2200865 i 4500
=001  016545663
=003  Uk
=005  20230416115613.0
=006  m\\\\\|\\d\|\\\\\\
=007  cr\|||||||||||
=008  131118c20149999gw\br\p\\\\\\\0\\\a0eng\\
=022  0\$a2196-7350
=037  \\$aISSN_21967350$bPortico$nWiley
=040  \\$aUk$beng$cUk$erda
=042  \\$aukblsr
=082  04$a620.11$223
=222  \0$aAdvanced materials interfaces
=245  00$aAdvanced materials interfaces.
=264  \1$aWeinheim, Germany :$bWiley-VCH,$c2014-
=310  \\$aBimonthly
=336  \\$atext$2rdacontent
=337  \\$acomputer$2rdamedia
=338  \\$aonline resource$2rdacarrier
=362  0\$aVol. 1, no. 1 (February 13, 2014)-
=500  \\$aTitle from PDF front cover (Wiley Online Library, viewed February 18, 2014).
=540  \\$aCurrent copyright fee: GBP46.00$c35\0$5Uk
=650  \0$aMaterials science$vPeriodicals.
=776  08$iAlso issued in print as:$tAdvanced materials interfaces
=852  41$aBritish Library$bHMNTS$jELD Digital store$3Volume 1:Issue 1(2014)-
=852  \\$aBritish Library$bDSC$j0696.898450$3Volume 1:Issue 1(2014)-Volume 5:Issue 5(2018)***See ESTAR for full holdings.
=856  \\$31850-9999$uhttp://onlinelibrary.wiley.com/$xBLDSS
=856  40$uhttp://onlinelibrary.wiley.com/journal/10.1002/(ISSN)2196-7350
=856  40$uwww.advmatinterfaces.de
=859  \\$aELD$bejournal
=945  \\$aAdvanced materials interfaces
=959  \\$fHeld but not currently received
=979  \\$aBritish Library$bDSC$j0696.898450
=985  \\$aISSN not on Portal
=ACF  \\$aPrevious copyright fee: GBP22.00$c35\0$e01-jan-2014$fGBP22.00$g0$hP$5Uk
=ACF  \\$aPrevious copyright fee: GBP24.00$c35\0$e01-mar-2015$fGBP24.00$g0$hP$5Uk
=ACF  \\$aPrevious copyright fee: GBP45.00$c35\0$e01-jan-2019$fGBP45.00$g0$hP$5Uk
=CAT  \\$a5552$b40$c20131118$lBLL01$h1131
=CAT  \\$a12654$b40$c20131211$lBLL01$h1238
=CAT  \\$a12654$b40$c20131211$lBLL01$h1244
=CAT  \\$a12654$b40$c20131211$lBLL01$h1400
=CAT  \\$a14112$b40$c20131219$lBLL01$h1750
=CAT  \\$aIPL-CLA$c20140101$lBLL01$h0216
=CAT  \\$a14112$b40$c20140131$lBLL01$h1544
=CAT  \\$a8124$b40$c20140218$lBLL01$h1356
=CAT  \\$aBLDSS-3PM$b00$c20141214$lBLL01$h1527
=CAT  \\$aBATCH-UPD$b00$c20150215$lBLL01$h1707
=CAT  \\$aIPL-CLA$c20150228$lBLL01$h2058
=CAT  \\$aBATCH-UPD$b00$c20160526$lBLL01$h1139
=CAT  \\$a10806$b40$c20170316$lBLL01$h0911
=CAT  \\$aW1711-1005$c20171206$lBLL01$h1826
=CAT  \\$aBATCH-UPD$b00$c20180219$lBLL01$h1756
=CAT  \\$aW1805-0471$c20180520$lBLL01$h1140
=CAT  \\$a5552$b40$c20181102$lBLL01$h1140
=CAT  \\$aIPL-CLA$c20181231$lBLL01$h1553
=CAT  \\$aR1911-0245$c20191127$lBLL01$h0944
=CAT  \\$aR1911-0245$c20191127$lBLL01$h1045
=CAT  \\$aIPL-CLA$c20191231$lBLL01$h2036
=CAT  \\$aW2111-0842$c20211209$lBLL01$h1035
=CAT  \\$aIPL-CLA$c20211231$lBLL01$h1546
=CAT  \\$a5410$b40$c20230416$lBLL01$h1156
=CFI  0\$aCurrent copyright fee: GBP46.00$c35\0$e01-jan-2022$fGBP46.00$g0$hP$5Uk
=CFI  2\$aPrevious Copyright Fee: GBP39.00$c35\0$e01-jan-2020$fGBP39.00$g0$hP$5Uk
=EST  \\$a1
=FFP  \\$aY$bBLDSS-3PM
=FIN  \\$aY$d20140218
=FMT  \\$a  SE
=LAS  \\$a5410$b40$c20230416$lBLL01$h1156
=MNI  \\$a2196-7350
=TOC  \\$aETOC
=UNO  \\$aY

