=LDR  03352cas a2200781 i 4500
=001  016556681
=003  Uk
=005  20221231145216.0
=007  ta
=008  131203d20132016bn\fr\p\\\\\\\0\\\a0eng\\
=022  0\$y1840-0914
=040  \\$aUk$beng$cUk$dUk$erda
=042  \\$aukblsr
=082  04$a618.92$223
=130  0\$aPaediatrics today (Tuzla, Bosnia and Herzegovina)
=245  10$aPaediatrics today :$bjournal of the University Clinical Center Tuzla.
=264  \1$aTuzla, Bosnia and Herzegovina :$bUniversity Clinical Center Tuzla,$c2013-2016.
=300  \\$a3 volumes :$billustrations (black and white) ;$c30 cm
=310  \\$aSemiannual
=336  \\$atext$2rdacontent
=337  \\$aunmediated$2rdamedia
=338  \\$avolume$2rdacarrier
=362  0\$aVolume 9, issue 2 (October 2013)-volume 12, number 2 (October 2016).
=530  \\$aAlso issued online.
=540  \\$aCurrent Copyright Fee: GBP25.00$c0$5Uk
=650  \0$aPediatrics$vPeriodicals.
=710  2\$aUniverzitetski klinički centar,$eissuing body.
=780  00$tPedijatrija danas$x1840-0914
=785  00$tCentral European journal of paediatrics$x2490-3639
=852  41$aBritish Library$bDSC$j6333.452300$3Vol. 9 pt. 2 (2013)-v. 12 (2016)
=945  \\$aPediatrics today
=959  \\$fHeld but not currently received
=985  \\$aISSN Portal does not recognise title change when Polish title dropped, continued to use same ISSN as on #013390493 from 2013-2016
=ACF  \\$aPrevious copyright fee: GBP12.30$c0$e03-jan-2014$fGBP12.30$g0$hA$5Uk
=ACF  \\$aPrevious Copyright Fee: GBP15.00$c0$e01-jan-2017$fGBP15.00$g0$hA$5Uk
=ACF  \\$aPrevious Copyright Fee: GBP17.50$c0$e01-jan-2018$fGBP17.50$g0$hA$5Uk
=ACF  \\$aPrevious Copyright Fee: GBP20.00$c0$e01-jan-2020$fGBP20.00$g0$hA$5Uk
=CAT  \\$a5997$b40$c20131203$lBLL01$h0947
=CAT  \\$a9713$b40$c20140103$lBLL01$h1220
=CAT  \\$a9713$b40$c20140103$lBLL01$h1225
=CAT  \\$a5552$b40$c20140107$lBLL01$h1320
=CAT  \\$a5552$b40$c20140107$lBLL01$h1321
=CAT  \\$a5552$b40$c20140204$lBLL01$h1042
=CAT  \\$aBATCH-UPD$b40$c20140811$lBLL01$h2036
=CAT  \\$a10806$b40$c20151127$lBLL01$h1326
=CAT  \\$a5410$b40$c20151209$lBLL01$h0914
=CAT  \\$aBATCH-CLA$b00$c20161222$lBLL01$h1837
=CAT  \\$aIPL-CLA$c20161231$lBLL01$h0014
=CAT  \\$a8124$b40$c20170504$lBLL01$h0905
=CAT  \\$a8124$b40$c20170504$lBLL01$h0912
=CAT  \\$a8124$b40$c20170504$lBLL01$h0940
=CAT  \\$a8439$b40$c20170525$lBLL01$h1101
=CAT  \\$aBATCH-CLA$b00$c20171222$lBLL01$h2215
=CAT  \\$aIPL-CLA$c20171231$lBLL01$h1821
=CAT  \\$aBATCH-CLA$b00$c20191219$lBLL01$h1800
=CAT  \\$aIPL-CLA$c20191231$lBLL01$h2036
=CAT  \\$aR2001-1524$c20200127$lBLL01$h2101
=CAT  \\$aBATCH-CLA$b00$c20201204$lBLL01$h1611
=CAT  \\$aIPL-CLA$c20201231$lBLL01$h1532
=CAT  \\$aBATCH-CLA$b00$c20221221$lBLL01$h1928
=CAT  \\$aIPL-CLA$c20221231$lBLL01$h1452
=CFI  0\$aCurrent Copyright Fee: GBP25.00$c0$e01-jan-2023$fGBP25.00$g0$hA$5Uk
=CFI  2\$aPrevious Copyright Fee: GBP22.50$c0$e01-jan-2021$fGBP22.50$g0$hA$5Uk
=FIN  \\$aY$d20131203
=FMT  \\$a  SE
=LAS  \\$aIPL-CLA$b00$c20221231$lBLL01$h1452
=LKR  \\$aPAR$b013390493$lBLL01$nPedijatrija danas$mPaediatrics today (Tuzla, Bosnia and Herzegovina)$r78000
=TOC  \\$aETOC

