=LDR  02312cas a2200649 i 4500
=001  016561776
=003  Uk
=005  20161007103408.0
=006  m\\\\\|\\d\|\\\\\\
=007  cr\|||||||||||
=008  131207c20149999xxu\x\p\o\\\\\0\\\a0eng\\
=015  \\$aGBB564334$2bnb
=022  \\$y2332-8584
=037  \\$aERO$bSage (UK) Ltd
=040  \\$aUk$beng$cUk$erda
=042  \\$aukblsr
=082  04$a370.7205$223
=245  00$aAERA open.
=246  30$aAmerican Educational Research Association open
=264  \1$a[Thousand Oaks, CA] :$bSAGE,$c2014-
=310  \\$aIndividually numbered articles posted irregularly
=336  \\$atext$2rdacontent
=337  \\$acomputer$2rdamedia
=338  \\$aonline resource$2rdacarrier
=362  0\$a1 (1) (April 2015)-
=500  \\$aTitle from PDF article entitled: Inaugural editorial (SAGE journals, viewed May 19, 2015).
=540  \\$aCurrent copyright fee: zero$c19\0$5Uk
=588  \\$aLatest issue consulted: 1 (2) (May 2015) (viewed May 19, 2015).
=650  \0$aEducation$xResearch$vPeriodicals.
=710  2\$aAmerican Educational Research Association,$eissuing body.
=852  41$aBritish Library$bHMNTS$jELD Digital store$3Volume 1:Number 1(2015)-
=856  \\$31850-9999$uhttp://www.uk.sagepub.com$xBLDSS
=856  40$uhttp://ero.sagepub.com/
=859  \\$aELD$bejournal
=945  \\$aAERA open.
=979  \\$aBritish Library$bDSC$j0719.729100N
=985  \\$aUS ISSN record pending - work record.
=CAT  \\$a10902$b40$c20131207$lBLL01$h1259
=CAT  \\$a5552$b40$c20150410$lBLL01$h1041
=CAT  \\$a5552$b40$c20150410$lBLL01$h1043
=CAT  \\$aBLDSS-3PM$b00$c20150513$lBLL01$h0807
=CAT  \\$a10983$b40$c20150518$lBLL01$h1151
=CAT  \\$a3072$b40$c20150519$lBLL01$h1619
=CAT  \\$a5552$b40$c20160322$lBLL01$h0919
=CAT  \\$aBATCH-UPD$b40$c20160413$lBLL01$h1827
=CAT  \\$aBATCH-UPD$b40$c20160606$lBLL01$h0414
=CAT  \\$a5552$b40$c20161007$lBLL01$h1034
=CAT  \\$aW1711-1005$c20171206$lBLL01$h1826
=CFI  0\$aCurrent copyright fee: zero$c19\0$e10-apr-2015$fGBP0.00$g0$hP$5Uk
=FFP  \\$aY$bBLDSS-3PM
=FIN  \\$aY$d20150519
=FMT  \\$a  SE
=LAS  \\$aW1711-1005$b00$c20171206$lBLL01$h1826
=LET  \0$aAERA open (Electronic)
=MNI  \\$a2332-8584
=TOC  \\$aETOC
=UNO  \\$aY

