=LDR  05472cas a2201129 a 4500
=001  016565864
=003  Uk
=005  20220930142905.0
=006  m\\\\\o\\d\\\\\\\\
=007  cr\|||||||||||
=008  000802c19939999cauqr\pso\\\\\0\\\a0eng\c
=010  \\$a   00213978 
=015  \\$aGBB3B7122$2bnb
=022  0\$a1531-2003$l1063-293X$y1063-293X$21
=035  \\$a(OCoLC)44708471
=037  \\$aCER$bSage (UK) Ltd
=040  \\$aNSDP$beng$cNSDP$dMiU$dOCoLC$dNSDP$dOCoLC$dCaQMUQ$dCaQMM$dOCoLC$dViRCU$dOCoLC$dUk
=042  \\$ansdp$aukblsr
=050  14$aTS176$b.C6535
=082  04$a621.39$223
=130  0\$aConcurrent engineering, research and applications (Online)
=210  0\$aConcurr. eng. res. appl.$b(Online)
=222  \0$aConcurrent engineering, research and applications$b(Online)
=245  10$aConcurrent engineering, research and applications$h[electronic resource].
=246  30$aConcurrent engineering
=260  \\$aLancaster, PA :$bTechnomic Pub. Co.
=264  31$a[Thousand Oaks, CA] :$bSage Publications
=310  \\$aQuarterly
=336  \\$atext$2rdacontent
=337  \\$acomputer$2rdamedia
=338  \\$aonline resource$2rdacarrier
=362  1\$aPrint began with vol. 1, no. 1 (Mar. 1993).
=538  \\$aMode of access: World Wide Web.
=540  \\$aCurrent copyright fee: GBP36.32$c19\0$5Uk
=588  \\$aDescription based on: Vol. 8, no. 1 (Mar. 2000); title from caption screen (viewed Mar. 7, 2001).
=588  \\$aLatest issue consulted: volume 21, number 4 (December 2013) (SAGE journals, viewed December 18, 2013).
=650  \0$aProduction engineering$vPeriodicals.
=650  \0$aConcurrent engineering$vPeriodicals.
=776  08$iAlso issued in print as:$tConcurrent engineering, research and applications$x1063-293X
=852  41$aBritish Library$bHMNTS$jELD Digital store$3Volume 21:Number 1(2013)-***Previous issues available in print copy
=856  \\$31850-9999$uhttp://www.uk.sagepub.com/home.nav$xBLDSS
=856  4\$uhttp://firstsearch.oclc.org$zAddress for accessing the journal using authorization number and password through OCLC FirstSearch Electronic Collections Online
=856  4\$uhttp://firstsearch.oclc.org/journal=1063-293x;screen=info;ECOIP$zAddress for accessing the journal from an authorized IP address through OCLC FirstSearch Electronic Collections Online
=856  40$uhttp://cer.sagepub.com/
=859  \\$aELD$bejournal
=945  \\$aConcurrent engineering research and applications.
=979  \\$aBritish Library$bDSC$j3405.628000
=985  \\$aISSN transfer from U.S. to UK pending (Richard, 26/06/20)
=ACF  \\$aPrevious Copyright Fee: GBP21.00$c0$e01-oct-2014$fGBP21.00$g0$hC$5Uk
=ACF  \\$aPrevious Copyright Fee: GBP23.00$c0$e01-apr-2014$fGBP23.00$g0$hC$5Uk
=ACF  \\$aPrevious copyright fee: GBP30.77$c19\0$e15-mar-2018$fGBP30.77$g0$hP$5Uk
=ACF  \\$aPrevious copyright fee: GBP28.57$c19\0$e01-apr-2018$fGBP28.57$g0$hP$5Uk
=ACF  \\$aPrevious copyright fee: GBP30.77$c19\0$e01-oct-2018$fGBP30.77$g0$hP$5Uk
=ACF  \\$aPrevious copyright fee: GBP32.31$c19\0$e01-jul-2019$fGBP32.31$g0$hP$5Uk
=ACF  \\$aPrevious copyright fee: GBP33.60$c19\0$e01-oct-2019$fGBP33.60$g0$hP$5Uk
=ACF  \\$aPrevious copyright fee: GBP33.52$c19\0$e01-apr-2020$fGBP33.52$g0$hP$5Uk
=ACF  \\$aPrevious copyright fee: GBP34.86$c19\0$e01-jul-2020$fGBP34.86$g0$hP$5Uk
=ACF  \\$aPrevious copyright fee: GBP32.28$c19\0$e01-apr-2021$fGBP32.28$g0$hP$5Uk
=ACF  \\$aPrevious copyright fee: GBP31.13$c19\0$e07-jul-2021$fGBP31.13$g0$hP$5Uk
=CAT  \\$a11433$b40$c20131211$lBLL01$h1223
=CAT  \\$a10983$b40$c20150811$lBLL01$h1217
=CAT  \\$aW1711-1005$c20171206$lBLL01$h1826
=CAT  \\$a5552$b40$c20180315$lBLL01$h1146
=CAT  \\$aBLDSS-3PM$b00$c20180321$lBLL01$h1003
=CAT  \\$aBATCH-UPD$b00$c20180321$lBLL01$h1005
=CAT  \\$aIPL-CLA$c20180331$lBLL01$h1707
=CAT  \\$aBATCH-UPD$b00$c20180823$lBLL01$h1930
=CAT  \\$aIPL-CLA$c20180930$lBLL01$h1516
=CAT  \\$aBATCH-UPD$b00$c20190521$lBLL01$h1412
=CAT  \\$aIPL-CLA$c20190630$lBLL01$h1547
=CAT  \\$aBATCH-UPD$b00$c20190829$lBLL01$h1529
=CAT  \\$aIPL-CLA$c20190930$lBLL01$h1653
=CAT  \\$aBATCH-UPD$b00$c20200219$lBLL01$h1516
=CAT  \\$aIPL-CLA$c20200331$lBLL01$h1630
=CAT  \\$aBATCH-UPD$b00$c20200522$lBLL01$h1459
=CAT  \\$a10806$b40$c20200626$lBLL01$h0853
=CAT  \\$aIPL-CLA$c20200701$lBLL01$h0115
=CAT  \\$aBATCH-UPD$b00$c20210226$lBLL01$h1039
=CAT  \\$aIPL-CLA$c20210331$lBLL01$h1702
=CAT  \\$aBATCH-UPD$b00$c20210707$lBLL01$h1603
=CAT  \\$aIPL-CLA$c20210707$lBLL01$h1844
=CAT  \\$aBATCH-UPD$b00$c20220520$lBLL01$h1635
=CAT  \\$aIPL-CLA$c20220630$lBLL01$h1539
=CAT  \\$aBATCH-UPD$b00$c20220824$lBLL01$h0901
=CAT  \\$aIPL-CLA$c20220930$lBLL01$h1429
=CFI  0\$aCurrent copyright fee: GBP36.32$c19\0$e01-oct-2022$fGBP36.32$g0$hP$5Uk
=CFI  2\$aPrevious copyright fee: GBP34.86$c19\0$e01-jul-2022$fGBP34.86$g0$hP$5Uk
=FFP  \\$aY$bBLDSS-3PM
=FIN  \\$aY$d20131218
=FMT  \\$a  SE
=LAS  \\$aIPL-CLA$b00$c20220930$lBLL01$h1429
=LET  \0$aConcurrent engineering, research and applications (Electronic)
=LKR  \\$aPAR$b012404030$lBLL01$nConcurrent engineering, research and applications (Print)$mConcurrent engineering, research and applications (Online)$r776
=MNI  \\$a1063-293X
=SRC  \\$aBLL02
=TOC  \\$aETOC
=UNO  \\$aY

