=LDR  05443cas a2201177 a 4500
=001  016566448
=003  Uk
=005  20220930142907.0
=006  m\\\\\|\\d\|\\\\\\
=007  cr\|||||||||||
=008  131212c19909999txuqx\p\o\\\\\0\\\a0eng\\
=010  \\$a  2002211008
=015  \\$aGBB405214$2bnb
=022  0\$a1538-4810$l1053-4512$y1053-4512
=030  \\$aISCLEP
=035  \\$a(OCoLC)48880094
=037  \\$aISC$bSage (UK) Ltd
=040  \\$aNSDP$beng$cNSDP$dOCoLC$dNSDP$dOCoLC$dUV$dOCoLC$dCaQMU$dNSDP$dOKentU$dOCoLC$dHkUST$dWaSeSS$dOCoLC$dUk
=042  \\$aukblsr$ansdp
=050  14$aLC4001$b.A25
=082  04$a371.9$223
=130  0\$aIntervention in school and clinic (Online)
=210  0\$aInterv. sch. clin.$b(Online)
=222  \0$aIntervention in school and clinic$b(Online)
=245  10$aIntervention in school and clinic$h[electronic resource].
=260  \\$aAustin, Tex. :$bPRO-ED
=264  31$a[Austin, TX] :$bHammill Institute on Disabilities and Sage in association with the Council for Learning Disabilities
=310  \\$aFive issues yearly
=336  \\$atext$2rdacontent
=337  \\$acomputer$2rdamedia
=338  \\$aonline resource$2rdacarrier
=362  1\$aPrint began with vol. 26 no. 1 (Sept. 1990).
=540  \\$aCurrent copyright fee: GBP13.13$c103\0$5Uk
=550  \\$aA journal of the Hammill Institute on Disabilities, <Jan. 2014- >.
=580  \\$aIncludes issues of earlier title: Academic therapy.
=588  \\$aDescription based on: Vol. 37, no. 3 (Jan. 2002); title from title screen (viewed July 2, 2003).
=588  \\$aLatest issue consulted: volume 55, issue 4 (March 2020) (SAGE journals, viewed June 26, 2020).
=650  \0$aLearning disabled children$xEducation$vPeriodicals.
=650  \0$aProblem children$xEducation$vPeriodicals.
=650  \0$aBehavior disorders in children$vPeriodicals.
=650  \0$aSpecial education$vPeriodicals.
=690  7\$aSocial Welfare$2blcoll
=710  2\$aHammill Institute on Disabilities,$eissuing body.
=776  08$iAlso issued in print as:$tIntervention in school and clinic$x1053-4512
=780  10$tAcademic therapy
=852  41$aBritish Library$bHMNTS$jELD Digital store$3Volume 48:Number 3(2013)-***Previous issues available in print copy
=856  \\$31850-9999$uhttp://www.sagepublications.com/$xBLDSS
=856  40$3Full text available: Jan. 2002-$uhttp://www.proedinc.com
=856  40$uhttp://isc.sagepub.com
=859  \\$aELD$bejournal
=945  \\$aIntervention in school and clinic.
=979  \\$aBritish Library$bDSC$j4557.471850
=985  \\$aISSN transfer from U.S. to UK pending (richard, 26/06/20)
=ACF  \\$aPrevious Copyright Fee: GBP12.50$c0$e01-apr-2014$fGBP12.50$g0$hC$5Uk
=ACF  \\$aPrevious Copyright Fee: GBP12.12$c0$e01-jul-2014$fGBP12.12$g0$hC$5Uk
=ACF  \\$aPrevious Copyright Fee: GBP12.90$c0$e01-oct-2015$fGBP12.90$g0$hC$5Uk
=ACF  \\$aPrevious Copyright Fee: GBP13.33$c0$e01-apr-2015$fGBP13.33$g0$hC$5Uk
=ACF  \\$aPrevious copyright fee: GBP11.54$c103\0$e08-feb-2018$fGBP11.54$g0$hP$5Uk
=ACF  \\$aPrevious copyright fee: GBP10.71$c103\0$e01-apr-2018$fGBP10.71$g0$hP$5Uk
=ACF  \\$aPrevious copyright fee: GBP11.54$c103\0$e01-oct-2018$fGBP11.54$g0$hP$5Uk
=ACF  \\$aPrevious copyright fee: GBP12.12$c103\0$e01-jul-2019$fGBP12.12$g0$hP$5Uk
=ACF  \\$aPrevious copyright fee: GBP12.60$c103\0$e01-oct-2019$fGBP12.60$g0$hP$5Uk
=ACF  \\$aPrevious copyright fee: GBP12.12$c103\0$e01-apr-2020$fGBP12.12$g0$hP$5Uk
=ACF  \\$aPrevious copyright fee: GBP12.60$c103\0$e01-jul-2020$fGBP12.60$g0$hP$5Uk
=ACF  \\$aPrevious copyright fee: GBP11.67$c103\0$e01-apr-2021$fGBP11.67$g0$hP$5Uk
=ACF  \\$aPrevious copyright fee: GBP11.25$c103\0$e07-jul-2021$fGBP11.25$g0$hP$5Uk
=CAT  \\$a11433$b40$c20131212$lBLL01$h1657
=CAT  \\$a5552$b40$c20180208$lBLL01$h1343
=CAT  \\$aBLDSS-3PM$b00$c20180213$lBLL01$h1544
=CAT  \\$aBATCH-UPD$b00$c20180213$lBLL01$h1544
=CAT  \\$aBATCH-UPD$b00$c20180214$lBLL01$h0105
=CAT  \\$aBATCH-UPD$b00$c20180223$lBLL01$h1534
=CAT  \\$aIPL-CLA$c20180331$lBLL01$h1707
=CAT  \\$aBATCH-UPD$b00$c20180823$lBLL01$h1902
=CAT  \\$aIPL-CLA$c20180930$lBLL01$h1516
=CAT  \\$aBATCH-UPD$b00$c20190521$lBLL01$h1352
=CAT  \\$aIPL-CLA$c20190630$lBLL01$h1547
=CAT  \\$aBATCH-UPD$b00$c20190829$lBLL01$h1437
=CAT  \\$aIPL-CLA$c20190930$lBLL01$h1653
=CAT  \\$aBATCH-UPD$b00$c20200219$lBLL01$h1426
=CAT  \\$aIPL-CLA$c20200331$lBLL01$h1630
=CAT  \\$aBATCH-UPD$b00$c20200522$lBLL01$h1418
=CAT  \\$a10806$b40$c20200626$lBLL01$h0906
=CAT  \\$aIPL-CLA$c20200701$lBLL01$h0115
=CAT  \\$aBATCH-UPD$b00$c20210226$lBLL01$h0958
=CAT  \\$aIPL-CLA$c20210331$lBLL01$h1702
=CAT  \\$aBATCH-UPD$b00$c20210707$lBLL01$h1522
=CAT  \\$aIPL-CLA$c20210707$lBLL01$h1844
=CAT  \\$aBATCH-UPD$b00$c20220520$lBLL01$h1551
=CAT  \\$aIPL-CLA$c20220630$lBLL01$h1539
=CAT  \\$aBATCH-UPD$b00$c20220824$lBLL01$h0825
=CAT  \\$aIPL-CLA$c20220930$lBLL01$h1429
=CFI  0\$aCurrent copyright fee: GBP13.13$c103\0$e01-oct-2022$fGBP13.13$g0$hP$5Uk
=CFI  2\$aPrevious copyright fee: GBP12.60$c103\0$e01-jul-2022$fGBP12.60$g0$hP$5Uk
=FFP  \\$aY$bBLDSS-3PM
=FIN  \\$aY$d20140114
=FMT  \\$a  SE
=LAS  \\$aIPL-CLA$b00$c20220930$lBLL01$h1429
=MNI  \\$a1053-4512
=SRC  \\$aBLL02
=UNO  \\$aY

