=LDR  04982cas a2201129 a 4500
=001  016566707
=003  Uk
=005  20220930142907.0
=006  m\\\\\o\\d\\\\\\\\
=007  cr\|||||||||||
=008  000627c19839999paubr\pso\\\\\0\\\a0eng\c
=010  \\$a   00215490 
=015  \\$aGBB400790$2bnb
=022  0\$a1530-8049$l0734-9041
=035  \\$a(OCoLC)44487156
=037  \\$aJFS$bSage (UK) Ltd
=040  \\$aNSDP$beng$cNSDP$dOCoLC$dCSdNU$dMiEM$dOCoLC$dUk
=042  \\$aukblsr
=050  14$aTH9446.3
=082  04$a628.922$223
=130  0\$aJournal of fire sciences (Online)
=210  0\$aJ. fire sci.$b(Online)
=222  \0$aJournal of fire sciences$b(Online)
=245  10$aJournal of fire sciences$h[electronic resource].
=260  \\$aLancaster, Pa. :$bTechnomic Pub. Co.
=264  31$a[United States] :$bSage Publications
=310  \\$aBimonthly
=336  \\$atext$2rdacontent
=337  \\$acomputer$2rdamedia
=338  \\$aonline resource$2rdacarrier
=362  1\$aPrint began with vol. 1, no. 1 (Jan./Feb. 1983).
=538  \\$aMode of access: World Wide Web.
=540  \\$aCurrent copyright fee: GBP36.32$c19\0$5Uk
=588  \\$aDescription based on: Vol. 18, no. 1 (Jan./Feb. 2000); title from contents screen (viewed Dec. 1, 2000).
=588  \\$aLatest issue consulted: volume 38, issue 5 (September 2020) (SAGE journals, viewed October 6, 2020).
=650  \0$aFlammable materials$vPeriodicals.
=650  \0$aCombustion gases$xToxicology$vPeriodicals.
=650  \0$aFireproofing$vPeriodicals.
=776  08$iAlso issued in print as:$tJournal of fire sciences$x0734-9041
=852  41$aBritish Library$bHMNTS$jELD Digital store$3Volume 31:Number 1(2013)-***Previous issues available in print copy
=856  \\$31850-9999$uhttp://www.uk.sagepub.com/home.nav$xBLDSS
=856  40$uhttps://journals.sagepub.com/home/jfs
=856  40$uhttp://www.metapress.com
=859  \\$aELD$bejournal
=945  \\$aJournal of fire sciences.
=979  \\$aBritish Library$bDSC$j4984.279500
=985  \\$aISSN transfer from U.S. to UK pending (06/10/20)
=ACF  \\$aPrevious Copyright Fee: GBP23.00$c0$e01-apr-2014$fGBP23.00$g0$hC$5Uk
=ACF  \\$aBritish Library not licensed to copy$c0$e01-apr-2015$hC$iCFP Excluded$5Uk
=ACF  \\$aPrevious Copyright Fee: GBP21.00$c0$e01-oct-2014$fGBP21.00$g0$hC$5Uk
=ACF  \\$aPrevious copyright fee: GBP30.77$c19\0$e12-feb-2018$fGBP30.77$g0$hP$5Uk
=ACF  \\$aPrevious copyright fee: GBP28.57$c19\0$e01-apr-2018$fGBP28.57$g0$hP$5Uk
=ACF  \\$aPrevious copyright fee: GBP30.77$c19\0$e01-oct-2018$fGBP30.77$g0$hP$5Uk
=ACF  \\$aPrevious copyright fee: GBP32.31$c19\0$e01-jul-2019$fGBP32.31$g0$hP$5Uk
=ACF  \\$aPrevious copyright fee: GBP33.60$c19\0$e01-oct-2019$fGBP33.60$g0$hP$5Uk
=ACF  \\$aPrevious copyright fee: GBP33.52$c19\0$e01-apr-2020$fGBP33.52$g0$hP$5Uk
=ACF  \\$aPrevious copyright fee: GBP34.86$c19\0$e01-jul-2020$fGBP34.86$g0$hP$5Uk
=ACF  \\$aPrevious copyright fee: GBP32.28$c19\0$e01-apr-2021$fGBP32.28$g0$hP$5Uk
=ACF  \\$aPrevious copyright fee: GBP31.13$c19\0$e07-jul-2021$fGBP31.13$g0$hP$5Uk
=CAT  \\$a10983$b40$c20131213$lBLL01$h1215
=CAT  \\$aBATCH-UPD$b40$c20180223$lBLL01$h1654
=CAT  \\$aBLDSS-3PM$b00$c20180226$lBLL01$h1359
=CAT  \\$aBATCH-UPD$b00$c20180226$lBLL01$h1400
=CAT  \\$aIPL-CLA$c20180331$lBLL01$h1707
=CAT  \\$aBATCH-UPD$b00$c20180823$lBLL01$h1930
=CAT  \\$aIPL-CLA$c20180930$lBLL01$h1516
=CAT  \\$aBATCH-UPD$b00$c20190521$lBLL01$h1412
=CAT  \\$aIPL-CLA$c20190630$lBLL01$h1547
=CAT  \\$aBATCH-UPD$b00$c20190829$lBLL01$h1529
=CAT  \\$aIPL-CLA$c20190930$lBLL01$h1653
=CAT  \\$aBATCH-UPD$b00$c20200219$lBLL01$h1516
=CAT  \\$aIPL-CLA$c20200331$lBLL01$h1630
=CAT  \\$aBATCH-UPD$b00$c20200522$lBLL01$h1459
=CAT  \\$aIPL-CLA$c20200701$lBLL01$h0115
=CAT  \\$a10806$b40$c20201006$lBLL01$h0848
=CAT  \\$a10806$b40$c20201006$lBLL01$h0853
=CAT  \\$aBATCH-UPD$b40$c20210226$lBLL01$h1039
=CAT  \\$a8483$b40$c20210226$lBLL01$h1356
=CAT  \\$aIPL-CLA$c20210331$lBLL01$h1702
=CAT  \\$aBATCH-UPD$b00$c20210707$lBLL01$h1603
=CAT  \\$aIPL-CLA$c20210707$lBLL01$h1844
=CAT  \\$aBATCH-UPD$b00$c20220520$lBLL01$h1635
=CAT  \\$aIPL-CLA$c20220630$lBLL01$h1539
=CAT  \\$aBATCH-UPD$b00$c20220824$lBLL01$h0901
=CAT  \\$aIPL-CLA$c20220930$lBLL01$h1429
=CFI  0\$aCurrent copyright fee: GBP36.32$c19\0$e01-oct-2022$fGBP36.32$g0$hP$5Uk
=CFI  2\$aPrevious copyright fee: GBP34.86$c19\0$e01-jul-2022$fGBP34.86$g0$hP$5Uk
=FFP  \\$aY$bBLDSS-3PM
=FIN  \\$aY$d20140103
=FMT  \\$a  SE
=LAS  \\$aIPL-CLA$b00$c20220930$lBLL01$h1429
=LET  \0$aJournal of fire sciences (Electronic)
=LKR  \\$aPAR$b010489608$lBLL01$nJournal of fire sciences (Print)$mJournal of fire sciences (Online)$r776
=MNI  \\$a0734-9041
=SRC  \\$aBLL02
=TOC  \\$aETOC
=UNO  \\$aY

