=LDR  04996cas a2201081 a 4500
=001  016583007
=003  Uk
=005  20220930142909.0
=006  m\\\\\\\\d\\\\\\\\
=007  cr\|||||||||||
=008  060831c20069999cauuu\poo\\\\\0\\\a0eng\c
=015  \\$aGBB404936$2bnb
=022  0\$a1942-7751
=035  \\$a(WaSeSS)ssj0000329418
=035  \\$a(UkCU)5518594
=037  \\$aJRL$bSage (UK) Ltd
=038  \\$aOCoLC
=040  \\$aPBL$beng$cPBL$dNSDP$dDLC$dOCoLC$dWaSeSS$dUk
=042  \\$aukblsr
=050  00$aLB2805
=082  04$a371.2011$223
=222  \0$aJournal of research on leadership education
=245  00$aJournal of research on leadership education$h[electronic resource].
=246  13$aJRLE
=260  \\$aAustin, Tex. :$bUniversity Council for Educational Administration,$c2006-
=264  31$a[Thousand Oaks, CA] :$bSAGE Publications
=336  \\$atext$2rdacontent
=337  \\$acomputer$2rdamedia
=338  \\$aonline resource$2rdacarrier
=362  1\$aBegan with: Vol. 1, issue 1 (Apr. 2006).
=500  \\$a"A ... refereed professional research journal written for and by those involved in preparation and development of education leaders and leaders in related disciplines"--Website.
=540  \\$aCurrent copyright fee: GBP32.82$c103\0$5Uk
=550  \\$a"Published in association with the University Council for Educational Administration", <2013->.
=588  \\$aDescription based on: 1st issue; title from journal homepage (Publisher's Web site, viewed June 24, 2008).
=588  \\$aLatest issue consulted: volume 8, number 3 (December 2013) (SAGE journals, viewed January 13, 2014).
=650  \0$aEducational leadership$vPeriodicals.
=710  2\$aUniversity Council for Educational Administration.
=852  41$aBritish Library$bHMNTS$jELD Digital store$3Volume 8:Number 1(2013)-***Previous issues available in print copy
=856  \\$31850-9999$uhttp://www.sagepublications.com/$xBLDSS
=856  40$uhttp://jrl.sagepub.com/
=859  \\$aELD$bejournal
=945  \\$aJournal of research on leadership education
=979  \\$aBritish Library$bDSC$j5052.009500N
=985  \\$aISSN nsdp completed record on OCLC - 27/1/2014
=ACF  \\$aPrevious Copyright Fee: GBP12.50$c0$e01-apr-2014$fGBP12.50$g0$hC$5Uk
=ACF  \\$aPrevious Copyright Fee: GBP12.12$c0$e01-jul-2014$fGBP12.12$g0$hC$5Uk
=ACF  \\$aPrevious Copyright Fee: GBP12.90$c0$e01-oct-2015$fGBP12.90$g0$hC$5Uk
=ACF  \\$aPrevious Copyright Fee: GBP13.33$c0$e01-apr-2015$fGBP13.33$g0$hC$5Uk
=ACF  \\$aPrevious copyright fee: GBP27.69$c103\0$e26-feb-2018$fGBP27.69$g0$hP$5Uk
=ACF  \\$aPrevious copyright fee: GBP25.71$c103\0$e01-apr-2018$fGBP25.71$g0$hP$5Uk
=ACF  \\$aPrevious copyright fee: GBP27.69$c103\0$e01-oct-2018$fGBP27.69$g0$hP$5Uk
=ACF  \\$aPrevious copyright fee: GBP29.08$c103\0$e01-jul-2019$fGBP29.08$g0$hP$5Uk
=ACF  \\$aPrevious copyright fee: GBP30.24$c103\0$e01-oct-2019$fGBP30.24$g0$hP$5Uk
=ACF  \\$aPrevious copyright fee: GBP30.29$c103\0$e01-apr-2020$fGBP30.29$g0$hP$5Uk
=ACF  \\$aPrevious copyright fee: GBP31.50$c103\0$e01-jul-2020$fGBP31.50$g0$hP$5Uk
=ACF  \\$aPrevious copyright fee: GBP29.17$c103\0$e01-apr-2021$fGBP29.17$g0$hP$5Uk
=ACF  \\$aPrevious copyright fee: GBP28.13$c103\0$e07-jul-2021$fGBP28.13$g0$hP$5Uk
=CAT  \\$a10983$b40$c20131214$lBLL01$h1132
=CAT  \\$aIPL-CLA$c20150930$lBLL01$h1850
=CAT  \\$aW1711-1005$c20171206$lBLL01$h1826
=CAT  \\$a5552$b40$c20180226$lBLL01$h1106
=CAT  \\$a5552$b40$c20180226$lBLL01$h1120
=CAT  \\$aBLDSS-3PM$b00$c20180307$lBLL01$h1303
=CAT  \\$aBATCH-UPD$b00$c20180307$lBLL01$h1304
=CAT  \\$aIPL-CLA$c20180331$lBLL01$h1707
=CAT  \\$aBATCH-UPD$b00$c20180823$lBLL01$h1859
=CAT  \\$aIPL-CLA$c20180930$lBLL01$h1516
=CAT  \\$aBATCH-UPD$b00$c20190521$lBLL01$h1347
=CAT  \\$aIPL-CLA$c20190630$lBLL01$h1547
=CAT  \\$aBATCH-UPD$b00$c20190829$lBLL01$h1430
=CAT  \\$aIPL-CLA$c20190930$lBLL01$h1653
=CAT  \\$aBATCH-UPD$b00$c20200219$lBLL01$h1421
=CAT  \\$aIPL-CLA$c20200331$lBLL01$h1630
=CAT  \\$aBATCH-UPD$b00$c20200522$lBLL01$h1413
=CAT  \\$aIPL-CLA$c20200701$lBLL01$h0115
=CAT  \\$aBATCH-UPD$b00$c20210226$lBLL01$h0953
=CAT  \\$aIPL-CLA$c20210331$lBLL01$h1703
=CAT  \\$aBATCH-UPD$b00$c20210707$lBLL01$h1517
=CAT  \\$aIPL-CLA$c20210707$lBLL01$h1844
=CAT  \\$aBATCH-UPD$b00$c20220520$lBLL01$h1545
=CAT  \\$aIPL-CLA$c20220630$lBLL01$h1539
=CAT  \\$aBATCH-UPD$b00$c20220824$lBLL01$h0820
=CAT  \\$aIPL-CLA$c20220930$lBLL01$h1429
=CFI  0\$aCurrent copyright fee: GBP32.82$c103\0$e01-oct-2022$fGBP32.82$g0$hP$5Uk
=CFI  2\$aPrevious copyright fee: GBP31.50$c103\0$e01-jul-2022$fGBP31.50$g0$hP$5Uk
=FFP  \\$aY$bBLDSS-3PM
=FIN  \\$aY$d20140113
=FMT  \\$a  SE
=LAS  \\$aIPL-CLA$b00$c20220930$lBLL01$h1429
=MNI  \\$a1942-7751
=SID  \\$aZ39$bRLUK
=TOC  \\$aETOC
=UNO  \\$aY

