=LDR  05120cas a2201021 a 4500
=001  016586874
=003  Uk
=005  20221231145219.0
=006  m\\\\\o\\d\\\\\\\\
=007  cr||||||||||||
=008  990601c19859999fr\br\pso\\\\\0\\\a0eng\c
=010  \\$a2007227522
=015  \\$aGBB404841$2bnb
=022  \\$a1290-3841
=035  \\$a(OCoLC)41462169
=037  \\$aBL_0764583X$bPortico$nCambridge University Press
=037  3\$aISSN_0764583X$bPortico$nCambridge University Press
=040  \\$aDLM$beng$cDLM$dEYM$dLVB$dOCLCQ$dEEM$dOCLCQ$dUk
=042  \\$aukblsr
=050  14$aQA401
=082  04$a510$223
=222  \0$aModélisation mathématique et analyse numérique$b(En ligne)
=245  00$aMathematical modelling and numerical analysis$h[electronic resource] =$bModélisation mathématique et analyse numérique.
=246  31$aModélisation mathématique et analyse numérique
=246  1\$iAt head of title:$aESAIM: Mathematical modelling and numerical analysis
=246  1\$iAt head of title:$aESAIM: Modélisation mathématique et analyse numérique
=246  1\$iWeb page title:$aESAIM: Mathematical modelling and numerical analysis
=246  13$aM=²AN
=246  13$aESAIM: M=²AN
=260  \\$aLes Ulis, France :$bEDP Sciences
=310  \\$aBimonthly
=336  \\$atext$2rdacontent
=337  \\$acomputer$2rdamedia
=338  \\$aonline resource$2rdacarrier
=362  1\$aPrint began with vol. 19, 1, published in 1985.
=490  0\$aEuropean series in applied and industrial mathematics
=500  \\$a"This journal is part of the ESAIM series."
=500  \\$aMarketed and distributed on behalf of EDP Sciences by Cambridge University Press, -2014.
=530  \\$aAlso issued in print as: RAIRO. Mathematical modelling and numerical analysis.
=538  \\$aMode of access: World Wide Web.
=540  \\$aCurrent Copyright Fee: GBP25.00$c0$5Uk
=546  \\$aEnglish and French, with English and French abstract for each article.
=550  \\$aPublished under the auspices of the: Société de mathématiques appliquées et industrielles (SMAI).
=588  \\$aDescription based on: Vol. 33, no. 1 (Jan./Feb. 1999) (publisher's Web site, viewed Feb. 27, 2007).
=588  \\$aLatest issue consulted: volume 48, issue 01 (January 2014) (publisher's Web site, viewed January 10, 2014).
=650  \0$aNumerical analysis$vPeriodicals.
=650  \0$aMathematical models$vPeriodicals.
=710  2\$aSociété de mathématiques appliquées et industrielles.
=776  08$iPrint version:$tRAIRO. Mathematical modelling and numerical analysis$x0764-583X
=776  08$iPrint version:$tESAIM. Mathematical modelling and numerical analysis
=852  41$aBritish Library$bHMNTS$jELD Digital store$3Volume 48:Part 1(2013)-Volume 48:Part 6(2014)
=856  40$uhttp://www.esaim-m2an.org/action/displayBackIssues?jid=MZA
=856  4\$uhttp://www.edpsciences.com/docinfos/M2AN/
=859  \\$aELD$bejournal
=985  \\$aRecord for electronic version does not match BL title changes for print versions (unable to match to BL title change dates) but follows ISSN records and Bodleian.
=ACF  \\$aPrevious Copyright Fee: GBP12.30$c0$e01-jan-2015$fGBP12.30$g0$hA$5Uk
=ACF  \\$aPrevious Copyright Fee: GBP15.00$c0$e01-jan-2017$fGBP15.00$g0$hA$5Uk
=ACF  \\$aPrevious Copyright Fee: GBP17.50$c0$e01-jan-2018$fGBP17.50$g0$hA$5Uk
=ACF  \\$aPrevious Copyright Fee: GBP20.00$c0$e01-jan-2020$fGBP20.00$g0$hA$5Uk
=CAT  \\$a10983$b40$c20131219$lBLL01$h1202
=CAT  \\$a11316$b40$c20140110$lBLL01$h1503
=CAT  \\$a14112$b40$c20140312$lBLL01$h1150
=CAT  \\$aWR14_097$c20140704$lBLL01$h1704
=CAT  \\$a5552$b40$c20141118$lBLL01$h1444
=CAT  \\$aIPL-CLA$c20141231$lBLL01$h1704
=CAT  \\$a11316$b40$c20150313$lBLL01$h0948
=CAT  \\$aBATCH-CLA$b00$c20161222$lBLL01$h1837
=CAT  \\$aIPL-CLA$c20161231$lBLL01$h0015
=CAT  \\$aW1711-1005$c20171206$lBLL01$h1826
=CAT  \\$aBATCH-CLA$b00$c20171222$lBLL01$h2216
=CAT  \\$aIPL-CLA$c20171231$lBLL01$h1822
=CAT  \\$a6811$b40$c20180222$lBLL01$h1552
=CAT  \\$aBATCH-CLA$b00$c20191219$lBLL01$h1800
=CAT  \\$aIPL-CLA$c20191231$lBLL01$h2036
=CAT  \\$aR2001-1524$c20200127$lBLL01$h2101
=CAT  \\$aBATCH-CLA$b00$c20201204$lBLL01$h1612
=CAT  \\$aIPL-CLA$c20201231$lBLL01$h1532
=CAT  \\$aBATCH-CLA$b00$c20221221$lBLL01$h1928
=CAT  \\$aIPL-CLA$c20221231$lBLL01$h1452
=CFI  0\$aCurrent Copyright Fee: GBP25.00$c0$e01-jan-2023$fGBP25.00$g0$hA$5Uk
=CFI  2\$aPrevious Copyright Fee: GBP22.50$c0$e01-jan-2021$fGBP22.50$g0$hA$5Uk
=FIN  \\$aY$d20140110
=FMT  \\$a  SE
=LAS  \\$aIPL-CLA$b00$c20221231$lBLL01$h1452
=LKR  \\$aPAR$b015849394$lBLL01$nESAIM. Mathematical modelling and numerical analysis = ESAIM. M²AN (Print)$mMathematical modelling and numerical analysis (Online)$r776
=LKR  \\$aPAR$b011753496$lBLL01$nRAIRO. Mathematical modelling and numerical analysis (Print)$mMathematical modelling and numerical analysis (Online)$r776
=MNI  \\$a0764-583X
=SID  \\$aZ39$bOCLC

