=LDR  03611 as a2200865 i 4500
=001  016590404
=003  Uk
=005  20200331163046.0
=006  m\\\\\|\\d\|\\\\\\
=007  cr\|||||||||||
=008  131227c20009999enkmr\p\o\\\\\0\\\a0eng\\
=015  \\$aGBB407018$2bnb
=022  0\$a2330-4448
=037  \\$aISSN_15673073$bPortico$nWiley
=040  \\$aUk$beng$cUk$dUk$erda
=042  \\$aukblsr
=082  04$a658.8$223
=222  \0$aResearch world$b(Hoboken, N.J. Online)
=245  00$aResearch world.
=264  \1$aAmsterdam :$bESOMAR
=264  31$32013-$a[Chichester] :$bWiley
=310  \\$aMonthly
=336  \\$atext$2rdacontent
=337  \\$acomputer$2rdamedia
=338  \\$aonline resource$2rdacarrier
=362  1\$aPrint began in 2000.
=540  \\$aCurrent copyright fee: GBP32.00$c35\0$5Uk
=588  \\$aDescription based on: Number 42 (October 2013) ; title from PDF cover (Wiley Online Library, viewed January 16, 2014).
=588  \\$aLatest issue consulted: Number 43 (November/December 2013) (viewed January 16, 2014).
=588  \\$aFrom 2019 published by ESOMAR in Amsterdam.$5Uk
=650  \0$aMarketing$xDecision making$vPeriodicals.
=650  \0$aMarketing$xManagement$vPeriodicals.
=690  7\$aManagement and Business Studies$2blcoll
=710  2\$aEuropean Society for Opinion and Marketing Research,$eissuing body.
=776  08$iAlso issued in print as:$tResearch world$x1567-3073
=852  41$aBritish Library$bHMNTS$jELD Digital store$3Issue 42(2013)-Issue 73(2018)***Previous issues available in print copy
=856  \\$31850-9999$uhttp://onlinelibrary.wiley.com/$xBLDSS
=856  40$uhttp://onlinelibrary.wiley.com/journal/10.1002/(ISSN)2330-4448
=856  40$uhttps://www.esomar.org/knowledge-center/research-world
=859  \\$aELD$bejournal
=945  \\$aResearch world.
=979  \\$aBritish Library$bDSC$j7774.590000N
=985  \\$aFrom 2019 published by ESOMAR in Amsterdam, so not eligible for legal deposit any more. Admin closed - bib record left open.
=985  \\$aUS ISSN work record. 222 not added 16/1/14
=ACF  \\$aPrevious copyright fee: GBP22.00$c35\0$e06-feb-2014$fGBP22.00$g0$hP$5Uk
=ACF  \\$aPrevious copyright fee: GBP24.00$c35\0$e01-mar-2015$fGBP24.00$g0$hP$5Uk
=CAT  \\$a10983$b40$c20131227$lBLL01$h1039
=CAT  \\$a8124$b40$c20140116$lBLL01$h0911
=CAT  \\$aBATCH-MBS$c20140124$lBLL01$h2136
=CAT  \\$a14112$b40$c20140131$lBLL01$h1553
=CAT  \\$a5552$b40$c20140206$lBLL01$h1052
=CAT  \\$aBLDSS-3PM$b00$c20141214$lBLL01$h1527
=CAT  \\$aBATCH-UPD$b00$c20150215$lBLL01$h1707
=CAT  \\$aIPL-CLA$c20150228$lBLL01$h2058
=CAT  \\$aBATCH-UPD$b00$c20160413$lBLL01$h1827
=CAT  \\$aBATCH-UPD$b00$c20160519$lBLL01$h1657
=CAT  \\$a5552$b40$c20170223$lBLL01$h1143
=CAT  \\$aW1711-1005$c20171206$lBLL01$h1826
=CAT  \\$aBATCH-UPD$b00$c20180219$lBLL01$h1756
=CAT  \\$aBATCH-UPD$b00$c20181121$lBLL01$h1627
=CAT  \\$aIPL-CLA$c20181231$lBLL01$h1553
=CAT  \\$a3072$b40$c20191024$lBLL01$h0950
=CAT  \\$a3072$b40$c20191024$lBLL01$h0952
=CAT  \\$a3072$b40$c20191024$lBLL01$h0953
=CAT  \\$aBATCH-UPD$b40$c20200219$lBLL01$h1543
=CAT  \\$aIPL-CLA$c20200331$lBLL01$h1630
=CFI  0\$aCurrent copyright fee: GBP32.00$c35\0$e01-apr-2020$fGBP32.00$g0$hP$5Uk
=CFI  2\$aPrevious copyright fee: GBP28.00$c35\0$e01-jan-2019$fGBP28.00$g0$hP$5Uk
=FFP  \\$aY$bBLDSS-3PM
=FIN  \\$aY$d20140116
=FMT  \\$a  SE
=LAS  \\$aIPL-CLA$b00$c20200331$lBLL01$h1630
=MNI  \\$a1567-3073
=TOC  \\$aETOC
=UNO  \\$aY

