=LDR  02457 as a2200517 i 4500
=001  016593305
=003  Uk
=005  20161013095327.0
=006  m\\\\\|\\d\|\\\\\\
=007  cr\|||||||||||
=008  140102d200u2013wlkmr\\\os\\\o0\\\a0eng\\
=015  \\$aGBB400076$2bnb
=040  \\$aUk$beng$cUk$erda
=042  \\$aukblsr
=082  04$a338.5280941021$223
=245  00$aConsumer price indices.
=264  \1$aNewport :$bOffice for National Statistics,$c-2013.
=310  \\$aMonthly
=336  \\$atext$2rdacontent
=337  \\$acomputer$2rdamedia
=338  \\$aonline resource$2rdacarrier
=362  0\$a-January 2013.
=490  1\$aStatistical bulletin / Office for National Statistics
=500  \\$aAccompanied on Web site by associated PDFs and Excel tables.
=588  \\$aDescription based on: January 2010 issue; title from PDF caption (publisher's Web site, viewed January 2, 2013).
=588  \\$aLatest issue consulted: January 2013 (viewed January 2, 2014).
=650  \0$aConsumer price indexes$zGreat Britain$vStatistics$vPeriodicals.
=690  7\$aManagement and Business Studies$2blcoll
=710  1\$aGreat Britain.$bOffice for National Statistics.
=710  2\$aUK Statistics Authority.
=785  00$tConsumer price inflation
=830  \0$aStatistical bulletin (Great Britain. Office for National Statistics)
=852  41$aBritish Library$bHMNTS$jELD Digital store$3(2010:Jan.)-(2013:Jan.)
=856  4\$uhttp://www.ons.gov.uk/ons/rel/cpi/consumer-price-indices/index.html$zFollow links to resource
=859  \\$aELD$bejournal
=985  \\$aCan't find any issues earlier than 2010 (were some from 2006 somewhere but can't now find them again); not sure whether there was another title in between this and 007194974; and latter may have been the whole publication, whereas this is just the statistical bulletin (summary of it) so no links added. 007194974 had ISSN but decided not to add ISSN on this one at present as we won't be taking the related PDFs/Excel - not able to zip these at present.
=CAT  \\$a3072$b40$c20140102$lBLL01$h1423
=CAT  \\$a3072$b40$c20140102$lBLL01$h1612
=CAT  \\$aBATCH-MBS$c20140207$lBLL01$h2133
=CAT  \\$aWR14_072$c20140608$lBLL01$h1435
=CAT  \\$aWR15_120$c20150910$lBLL01$h1828
=CAT  \\$a5194$b40$c20161013$lBLL01$h0953
=CAT  \\$aW1711-1005$c20171206$lBLL01$h1826
=FIN  \\$aY$d20140102
=FMT  \\$a  SE
=LAS  \\$aW1711-1005$b00$c20171206$lBLL01$h1826

