=LDR  04624cas a2200985 i 4500
=001  016593741
=003  Uk
=005  20221231145221.0
=006  m\\\\\\\\d\\\\\\\\
=007  cr\|||||||||||
=008  140103c19929999gw\mr\p\s\\\\\0\\\b0ger\\
=022  0\$a2192-8681
=040  \\$aUk$beng$cUk$dUk$erda
=042  \\$aukblsr
=082  04$a620.199$223
=245  00$aAdhäsion, Kleben & Dichten.
=246  3\$aAdhäsion, Kleben und Dichten
=246  17$aKleben & Dichten, Adhäsion,$f1992-Aug. 2001
=246  17$aAdhäsion$fSept. 2001-
=264  \1$aMünchen :$bH. Vogel,$c1992-
=264  31$aWiesbaden :$bSpringer Vieweg
=300  \\$billustrations (black and white, and colour)
=336  \\$atext$2rdacontent
=337  \\$acomputer$2rdamedia
=338  \\$aonline resource$2rdacarrier
=362  1\$aPrint began with: 1992/10.
=540  \\$aCurrent copyright fee: GBP29.95$c22\1$5Uk
=588  \\$aDescription based on: volume 47, issue 1/2 (january 2003) ; title from contents page (SpringerLink, viewed March 6, 2014).
=588  \\$aLatest issue consulted: volume 58, issue 1/2 (February 2014) (viewed March 6, 2014).
=650  \0$aAdhesives$vPeriodicals.
=650  \0$aSealing compounds$vPeriodicals.
=776  08$iAlso issued in print as:$tAdhäsion, Kleben & Dichten$x1619-1919
=852  41$aBritish Library$bDSC$j0680.610000$3Volume 56:Issue 11(2012)-Volume 62:Issue 3(2018)***See ESTAR for full holdings.
=856  \\$31850-9999$uhttp://www.springer.com/gb/$xBLDSS
=856  40$uhttp://link.springer.com/journal/35145
=945  \\$aAdhasion kleben und dichten.
=959  \\$fHeld but not currently received
=985  \\$aThere seems to be some divergence of opinion with ISSN portal as to title history for print. ISSN have a c/t at 2001, now reflected in both print & online key title, but have checked shelf and c/t is spurious, title stable since 1992. Key title left off as 2001 date in {dollar}b is confusing. CS 6/3/14.
=ACF  \\$aPrevious copyright fee: GBP24.97$c22\1$e03-jan-2014$fGBP24.97$g0$hP$5Uk
=ACF  \\$aPrevious copyright fee: GBP24.21$c22\1$e01-jul-2014$fGBP24.21$g0$hP$5Uk
=ACF  \\$aPrevious copyright fee: GBP25.77$c22\1$e01-apr-2015$fGBP25.77$g0$hP$5Uk
=ACF  \\$aPrevious copyright fee: GBP26.63$c22\1$e01-jul-2015$fGBP26.63$g0$hP$5Uk
=ACF  \\$aPrevious copyright fee: GBP25.77$c22\1$e01-oct-2015$fGBP25.77$g0$hP$5Uk
=ACF  \\$aPrevious copyright fee: GBP27.55$c22\1$e01-apr-2016$fGBP27.55$g0$hP$5Uk
=ACF  \\$aPrevious copyright fee: GBP29.59$c22\1$e01-oct-2016$fGBP29.59$g0$hP$5Uk
=ACF  \\$aPrevious copyright fee: GBP31.96$c22\1$e01-apr-2017$fGBP31.96$g0$hP$5Uk
=ACF  \\$aPrevious copyright fee: GBP30.73$c22\1$e01-oct-2017$fGBP30.73$g0$hP$5Uk
=ACF  \\$aPrevious copyright fee: GBP28.54$c22\1$e01-apr-2018$fGBP28.54$g0$hP$5Uk
=CAT  \\$a8055$b40$c20140103$lBLL01$h1311
=CAT  \\$aIPL-CLA$c20150331$lBLL01$h1726
=CAT  \\$aBATCH-UPD$b00$c20150520$lBLL01$h1744
=CAT  \\$a12654$b40$c20150602$lBLL01$h1421
=CAT  \\$aIPL-CLA$c20150630$lBLL01$h1721
=CAT  \\$aBATCH-UPD$b00$c20150820$lBLL01$h1832
=CAT  \\$aIPL-CLA$c20150930$lBLL01$h1850
=CAT  \\$a8055$b40$c20151023$lBLL01$h1043
=CAT  \\$a8055$b40$c20151023$lBLL01$h1123
=CAT  \\$aBATCH-UPD$b40$c20160217$lBLL01$h1721
=CAT  \\$aIPL-CLA$c20160331$lBLL01$h1814
=CAT  \\$aBATCH-UPD$b00$c20160524$lBLL01$h2215
=CAT  \\$aBATCH-UPD$b00$c20160525$lBLL01$h0057
=CAT  \\$aBATCH-UPD$b00$c20160824$lBLL01$h1750
=CAT  \\$aIPL-CLA$c20160930$lBLL01$h1640
=CAT  \\$aBATCH-UPD$b00$c20170216$lBLL01$h1837
=CAT  \\$aIPL-CLA$c20170331$lBLL01$h1919
=CAT  \\$aBATCH-UPD$b00$c20170904$lBLL01$h1845
=CAT  \\$aIPL-CLA$c20170929$lBLL01$h1804
=CAT  \\$aBATCH-UPD$b00$c20180223$lBLL01$h1706
=CAT  \\$aIPL-CLA$c20180331$lBLL01$h1707
=CAT  \\$aW1805-0478$c20180520$lBLL01$h0949
=CAT  \\$aBATCH-UPD$b00$c20180524$lBLL01$h1709
=CAT  \\$aIPL-CLA$c20180630$lBLL01$h1939
=CAT  \\$aBATCH-UPD$b00$c20221121$lBLL01$h1406
=CAT  \\$aIPL-CLA$c20221231$lBLL01$h1452
=CFI  0\$aCurrent copyright fee: GBP29.95$c22\1$e01-jan-2023$fGBP29.95$g0$hP$5Uk
=CFI  2\$aPrevious copyright fee: GBP34.00$c22\1$e01-jul-2018$fGBP34.00$g0$hP$5Uk
=EST  \\$a1
=FFP  \\$aY$bBLDSS-3PM
=FIN  \\$aY$d20140306
=FMT  \\$a  SE
=LAS  \\$aIPL-CLA$b00$c20221231$lBLL01$h1452
=LKR  \\$aPAR$b009186661$lBLL01$nAdhäsion, Kleben & Dichten (Print)$mAdhäsion, Kleben & Dichten (Online)$r776
=MNI  \\$a1619-1919
=TOC  \\$aETOC
=UNO  \\$aY

