=LDR  03701cas a2200841 i 4500
=001  016595840
=003  Uk
=005  20221231145221.0
=007  ta
=008  140107c20119999ii\br\p\\\\\\\0\\\a0eng\\
=015  \\$aGBB5H0100$2bnb
=022  0\$a2229-7928
=040  \\$aUk$beng$cUk$dUk$erda
=042  \\$aukblsr
=082  04$a543.05$223
=222  \0$aAnalytical chemistry letters
=245  00$aAnalytical chemistry letters :$ban international journal for the rapid communication in analytical chemistry.
=246  17$aACL
=264  \1$aDehra Dun (Uttarakhand) India :$bHar Krishan Bhalla & Sons, co-published with Taylor & Francis Group,$c[2011]-
=300  \\$billustrations (black and white, and colour) ;$c28 cm
=310  \\$aBimonthly
=336  \\$atext$2rdacontent
=337  \\$aunmediated$2rdamedia
=338  \\$avolume$2rdacarrier
=362  1\$aBegan in 2011.
=540  \\$aCurrent copyright fee: GBP43.00$c2\0$5Uk
=588  \\$aDescription based on: volume 4, number 1 (January/February 2014).
=588  \\$aLatest issue consulted: volume 4, number 5/6 (September/December 2014).
=650  \0$aChemistry, Analytic$vPeriodicals.
=776  08$iAlso issued online as:$tAnalytical chemistry letters$x2230-7532
=852  11$aBritish Library$bSTI$k(P)$h543.05$m-E(1)$3Vol. 3, issue 4 (2013)-v. 5, issue 3 (2015)***Title now taken as electronic copy only
=856  \\$31850-9999$uhttp://www.tandfonline.com/$xBLDSS
=945  \\$aAnalytical chemistry letters.
=979  \\$aBritish Library$bDSC$j0897.020000N
=985  \\$aWork record only on ISSN portal. 30/11/2015.
=ACF  \\$aPrevious copyright fee: GBP30.00$c2\0$e16-jan-2015$fGBP30.00$g0$hP$5Uk
=ACF  \\$aPrevious copyright fee: GBP34.00$c2\0$e01-jan-2016$fGBP34.00$g0$hP$5Uk
=ACF  \\$aPrevious copyright fee: GBP31.00$c2\0$e01-apr-2016$fGBP31.00$g0$hP$5Uk
=ACF  \\$aPrevious copyright fee: GBP33.00$c2\0$e01-jan-2017$fGBP33.00$g0$hP$5Uk
=ACF  \\$aPrevious copyright fee: GBP35.00$c2\0$e01-jan-2018$fGBP35.00$g0$hP$5Uk
=ACF  \\$aPrevious copyright fee: GBP37.00$c2\0$e01-jan-2019$fGBP37.00$g0$hP$5Uk
=ACF  \\$aPrevious copyright fee: GBP39.00$c2\0$e01-jan-2020$fGBP39.00$g0$hP$5Uk
=CAT  \\$a8478$b40$c20140107$lBLL01$h1431
=CAT  \\$a5552$b40$c20150116$lBLL01$h1443
=CAT  \\$aBLDSS-3PM$b00$c20150215$lBLL01$h1114
=CAT  \\$aBATCH-UPD$b00$c20151119$lBLL01$h1536
=CAT  \\$a11205$b40$c20151130$lBLL01$h1127
=CAT  \\$a8323$b40$c20151203$lBLL01$h1649
=CAT  \\$aIPL-CLA$c20151231$lBLL01$h1935
=CAT  \\$a5552$b40$c20160229$lBLL01$h1403
=CAT  \\$aIPL-CLA$c20160331$lBLL01$h1814
=CAT  \\$aBATCH-UPD$b00$c20160413$lBLL01$h1827
=CAT  \\$aBATCH-UPD$b00$c20160914$lBLL01$h1133
=CAT  \\$a5552$b40$c20161010$lBLL01$h1332
=CAT  \\$aBATCH-UPD$b40$c20161122$lBLL01$h1506
=CAT  \\$aIPL-CLA$c20161231$lBLL01$h0015
=CAT  \\$aBATCH-UPD$b00$c20171121$lBLL01$h1656
=CAT  \\$aIPL-CLA$c20171231$lBLL01$h1822
=CAT  \\$aBATCH-UPD$b00$c20181217$lBLL01$h1645
=CAT  \\$aIPL-CLA$c20181231$lBLL01$h1553
=CAT  \\$aBATCH-UPD$b00$c20191122$lBLL01$h1907
=CAT  \\$aIPL-CLA$c20191231$lBLL01$h2036
=CAT  \\$aBATCH-UPD$b00$c20201118$lBLL01$h1342
=CAT  \\$aIPL-CLA$c20201231$lBLL01$h1532
=CAT  \\$aBATCH-UPD$b00$c20221121$lBLL01$h1341
=CAT  \\$aIPL-CLA$c20221231$lBLL01$h1452
=CFI  0\$aCurrent copyright fee: GBP43.00$c2\0$e01-jan-2023$fGBP43.00$g0$hP$5Uk
=CFI  2\$aPrevious copyright fee: GBP41.00$c2\0$e01-jan-2021$fGBP41.00$g0$hP$5Uk
=FFP  \\$aY$bBLDSS-3PM
=FIN  \\$aY$d20151130
=FMT  \\$a  SE
=LAS  \\$aIPL-CLA$b00$c20221231$lBLL01$h1452
=TOC  \\$aETOC

