=LDR  02541cas a2200637 i 4500
=001  016601842
=003  Uk
=005  20221231145223.0
=006  m\\\\\\\\d\\\\\\\\
=007  cr\|||||||||||
=008  140113c\\\\9999\\\\\\p\s\\\\\0\\\a0eng\\
=022  \\$y1865-4150
=040  \\$aUk$beng$cUk$erda
=245  00$aKompendium ... Pneumologie.
=264  \1$aStuttgart :$bThieme$c[2014]
=336  \\$atext$2rdacontent
=337  \\$acomputer$2rdamedia
=338  \\$aonline resource$2rdacarrier
=538  \\$aMode of access: World Wide Web.
=540  \\$aCurrent copyright fee: GBP47.00$c49\0$5Uk
=852  41$aBritish Library$bDSC$j5105.670150
=856  \\$31850-9999$uhttp://www.thieme.com/$xBLDSS
=945  \\$aKompendium pneumologie
=959  \\$fHeld but not currently received
=985  \\$aISSN 1865-4150 given on item and in German record, but not verified on ISSN Portal.
=ACF  \\$aPrevious copyright fee: GBP19.00$c49\0$e13-jan-2014$fGBP19.00$g0$hP$5Uk
=ACF  \\$aPrevious copyright fee: GBP21.00$c49\0$e01-jan-2017$fGBP21.00$g0$hP$5Uk
=ACF  \\$aPrevious copyright fee: GBP24.00$c49\0$e01-jan-2018$fGBP24.00$g0$hP$5Uk
=ACF  \\$aPrevious copyright fee: GBP26.00$c49\0$e01-jan-2019$fGBP26.00$g0$hP$5Uk
=ACF  \\$aPrevious copyright fee: GBP31.00$c49\0$e10-may-2021$fGBP31.00$g0$hP$5Uk
=CAT  \\$a12654$b40$c20140113$lBLL01$h1334
=CAT  \\$a12654$b40$c20140113$lBLL01$h1336
=CAT  \\$a12654$b40$c20140128$lBLL01$h0914
=CAT  \\$aBLDSS-3PM$b00$c20141208$lBLL01$h1628
=CAT  \\$aBATCH-UPD$b00$c20161212$lBLL01$h1808
=CAT  \\$aBATCH-UPD$b00$c20161212$lBLL01$h1815
=CAT  \\$aIPL-CLA$c20161231$lBLL01$h0015
=CAT  \\$aBATCH-UPD$b00$c20171220$lBLL01$h1158
=CAT  \\$aIPL-CLA$c20171231$lBLL01$h1822
=CAT  \\$aBATCH-UPD$b00$c20181126$lBLL01$h1136
=CAT  \\$aIPL-CLA$c20181231$lBLL01$h1553
=CAT  \\$aBATCH-UPD$b00$c20190314$lBLL01$h1523
=CAT  \\$aBATCH-UPD$b00$c20210510$lBLL01$h1229
=CAT  \\$aIPL-CLA$c20210510$lBLL01$h1315
=CAT  \\$aBATCH-UPD$b00$c20211119$lBLL01$h1527
=CAT  \\$aIPL-CLA$c20211231$lBLL01$h1546
=CAT  \\$aBATCH-UPD$b00$c20221121$lBLL01$h1437
=CAT  \\$aIPL-CLA$c20221231$lBLL01$h1452
=CFI  0\$aCurrent copyright fee: GBP47.00$c49\0$e01-jan-2023$fGBP47.00$g0$hP$5Uk
=CFI  2\$aPrevious copyright fee: GBP32.00$c49\0$e01-jan-2022$fGBP32.00$g0$hP$5Uk
=EST  \\$a1
=FFP  \\$aY$bBLDSS-3PM
=FMT  \\$a  SE
=LAS  \\$aIPL-CLA$b00$c20221231$lBLL01$h1452
=TOC  \\$aETOC
=UNO  \\$aY

