=LDR  01096cas a2200325 i 4500
=001  016622961
=003  Uk
=005  20150430110926.0
=007  ta
=008  140205c201u9999enkar\p\\r\\\\0\\\a0eng\\
=015  \\$aGBB556432$2bnb
=040  \\$aUk$beng$cUk$erda
=042  \\$aukblsr
=082  04$a372.02541$223
=245  04$aThe UK primary education directory.
=264  \1$aSouthborough, Kent :$bEducation Marketing Direct Ltd,$c[2010?]-
=300  \\$c30 cm
=310  \\$aAnnual
=336  \\$atext$2rdacontent
=337  \\$aunmediated$2rdamedia
=338  \\$avolume$2rdacarrier
=588  \\$aDescription based on: 2015 edition.
=650  \0$aElementary schools$zGreat Britain$vDirectories.
=852  41$aBritish Library$bSTI$cBIPC$k(B) DIR$h372.02541$mBusiness$3Current issue
=985  \\$aCataloguers note: possibly continues Aleph 11810758 'Primary education directory' (ISSN 0950-4508) but unable to confirm.
=CAT  \\$a8464$b40$c20140205$lBLL01$h0852
=CAT  \\$a10973$b40$c20150430$lBLL01$h1109
=FIN  \\$aY$d20150430
=FMT  \\$a  SE
=LAS  \\$a10973$b40$c20150430$lBLL01$h1109

