=LDR  04752cas a2201069 a 4500
=001  016622985
=003  Uk
=005  20221231145227.0
=006  m\\\\\o\\d\\\\\\\\
=007  cr\|n|||||||||
=008  810317c19589999vauqx\p\o\\\\\0\\\a0eng\d
=010  \\$asn 84042918 
=022  \\$y2195-0571
=030  \\$aJALSA6
=032  \\$a283960$bUSPS
=035  \\$a(OCoLC)611311964
=040  \\$aNz$beng$cUX0$dOCLCQ$dCSU$dOCLCQ$dOCLCO$dUk
=042  \\$aukblsr
=050  \0$aTL787.A6$bA3
=082  04$a629.405$223
=130  0\$aJournal of the astronautical sciences (Online)
=245  14$aThe journal of the astronautical sciences$h[electronic resource].
=260  \\$a[New York :$bAmerican Astronautical Society],$cc1958-
=264  31$aNew York :$bSpringer US
=310  \\$aFour issues yearly
=336  \\$atext$2rdacontent
=337  \\$acomputer$2rdamedia
=338  \\$aonline resource$2rdacarrier
=362  0\$aVol. 5, no. 1 (spring 1958)-
=500  \\$aImprint varies: Alexandria, VA, 19 -85; Springfield, VA, 1986-
=540  \\$aCurrent copyright fee: GBP29.95$c22\1$5Uk
=588  \\$aLatest issue consulted: volume 59, issue 1/2 (June 2012) (SpringerLink, viewed May 19, 2014).
=650  \0$aAstronautics$vPeriodicals.
=710  2\$aAmerican Astronautical Society.
=776  08$iAlso issued in print as:$tJournal of the astronautical sciences$x0021-9142
=780  00$tJournal of astronautics
=780  06$tAstronautical sciences review
=852  41$aBritish Library$bDSC$j4947.450000$3Volume 54:Issue 1(2006)-Volume 65:Issue 1(2018)***See ESTAR for full holdings.
=856  \\$31850-9999$uhttp://www.springer.com/gb/$xBLDSS
=856  4\$uhttp://search.ebscohost.com/direct.asp?db=iih&jid=QW0&scope=site$zFull text available from Computers & Applied Sciences Complete
=856  40$uhttp://link.springer.com/journal/40295
=945  \\$aJournal of the Astronautical Sciences.
=959  \\$fHeld but not currently received
=985  \\$aISSN record not on ISSN Portal unable to add 222 15/5/14 SF
=ACF  \\$aPrevious copyright fee: GBP24.97$c22\3$e05-feb-2014$fGBP24.97$g0$hP$5Uk
=ACF  \\$aPrevious copyright fee: GBP24.21$c22\3$e01-jul-2014$fGBP24.21$g0$hP$5Uk
=ACF  \\$aPrevious copyright fee: GBP25.77$c22\3$e01-apr-2015$fGBP25.77$g0$hP$5Uk
=ACF  \\$aPrevious copyright fee: GBP26.63$c22\3$e01-jul-2015$fGBP26.63$g0$hP$5Uk
=ACF  \\$aPrevious copyright fee: GBP25.77$c22\3$e01-oct-2015$fGBP25.77$g0$hP$5Uk
=ACF  \\$aPrevious copyright fee: GBP27.55$c22\3$e01-apr-2016$fGBP27.55$g0$hP$5Uk
=ACF  \\$aPrevious copyright fee: GBP29.59$c22\3$e01-oct-2016$fGBP29.59$g0$hP$5Uk
=ACF  \\$aPrevious copyright fee: GBP31.96$c22\3$e01-apr-2017$fGBP31.96$g0$hP$5Uk
=ACF  \\$aPrevious copyright fee: GBP30.73$c22\3$e01-oct-2017$fGBP30.73$g0$hP$5Uk
=ACF  \\$aPrevious copyright fee: GBP28.54$c22\3$e01-apr-2018$fGBP28.54$g0$hP$5Uk
=CAT  \\$a12654$b40$c20140205$lBLL01$h0950
=CAT  \\$aBLDSS-3PM$b00$c20150103$lBLL01$h1049
=CAT  \\$aBATCH-UPD$b00$c20150219$lBLL01$h1745
=CAT  \\$aIPL-CLA$c20150331$lBLL01$h1727
=CAT  \\$aBATCH-UPD$b00$c20150520$lBLL01$h1752
=CAT  \\$aIPL-CLA$c20150630$lBLL01$h1722
=CAT  \\$aBATCH-UPD$b00$c20150820$lBLL01$h1840
=CAT  \\$aIPL-CLA$c20150930$lBLL01$h1851
=CAT  \\$aBATCH-UPD$b00$c20160217$lBLL01$h1730
=CAT  \\$aIPL-CLA$c20160331$lBLL01$h1814
=CAT  \\$aBATCH-UPD$b00$c20160524$lBLL01$h2215
=CAT  \\$aBATCH-UPD$b00$c20160525$lBLL01$h0057
=CAT  \\$aBATCH-UPD$b00$c20160824$lBLL01$h1757
=CAT  \\$aIPL-CLA$c20160930$lBLL01$h1640
=CAT  \\$aBATCH-UPD$b00$c20170216$lBLL01$h1845
=CAT  \\$aIPL-CLA$c20170331$lBLL01$h1919
=CAT  \\$aBATCH-UPD$b00$c20170904$lBLL01$h1854
=CAT  \\$aIPL-CLA$c20170929$lBLL01$h1804
=CAT  \\$aBATCH-UPD$b00$c20180223$lBLL01$h1727
=CAT  \\$aIPL-CLA$c20180331$lBLL01$h1708
=CAT  \\$aW1805-0478$c20180520$lBLL01$h0949
=CAT  \\$aBATCH-UPD$b00$c20180524$lBLL01$h1715
=CAT  \\$aIPL-CLA$c20180630$lBLL01$h1939
=CAT  \\$a5410$b40$c20211006$lBLL01$h1046
=CAT  \\$aBATCH-UPD$b40$c20221121$lBLL01$h1406
=CAT  \\$aIPL-CLA$c20221231$lBLL01$h1452
=CFI  0\$aCurrent copyright fee: GBP29.95$c22\1$e01-jan-2023$fGBP29.95$g0$hP$5Uk
=CFI  2\$aPrevious copyright fee: GBP34.00$c22\1$e01-jul-2018$fGBP34.00$g0$hP$5Uk
=EST  \\$a1
=FFP  \\$aY$bBLDSS-3PM
=FIN  \\$aY$d20140519
=FMT  \\$a  SE
=LAS  \\$aIPL-CLA$b00$c20221231$lBLL01$h1452
=LKR  \\$aPAR$b010488147$lBLL01$nJournal of the astronautical sciences (Print)$mJournal of the astronautical sciences (Online)$r776
=MNI  \\$a0021-9142
=SID  \\$aZ39$bOCLC
=TOC  \\$aETOC
=UNO  \\$aY

