=LDR  04081cas a2200937 i 4500
=001  016623063
=003  Uk
=005  20221231145227.0
=006  m\\\\\\\\d\\\\\\\\
=007  cr\|||||||||||
=008  140205c20149999sz\qr\p\o\\\\\0\\\a0eng\\
=022  \\$y2196-2979
=040  \\$aUk$beng$cUk$erda
=042  \\$aukblsr
=082  04$a612.8$223
=245  00$aCurrent behavioral neuroscience reports.
=264  \1$a[Cham] :$bSpringer International Publishing,$c2014-
=310  \\$aQuarterly
=336  \\$atext$2rdacontent
=337  \\$acomputer$2rdamedia
=338  \\$aonline resource$2rdacarrier
=362  0\$aVolume 1, issue 1 (March 2014)-
=500  \\$aTitle from table of contents (SpringerLink, viewed May 15, 2014).
=540  \\$aCurrent copyright fee: GBP34.95$c22\1$5Uk
=588  \\$aLatest issue consulted: volume 1, issue 2 (June 2014) (viewed May 15, 2014).
=650  \0$aPsychophysiology$vPeriodicals.
=650  \0$aNeuropsychiatry$vPeriodicals.
=650  \0$aClinical neuropsychology$vPeriodicals.
=852  41$aBritish Library$bDSC$j3494.422000$3Volume 1:Issue 1(2014)-Volume 3:Issue 1(2016)***See ESTAR for full holdings.
=856  \\$31850-9999$uhttp://www.springer.com/gb/$xBLDSS
=856  40$uhttp://link.springer.com/journal/40473
=945  \\$aCurrent behavioral neuroscience reports
=959  \\$fHeld but not currently received
=985  \\$aISSN record not on ISSN Portal unable to add 222 15/5/14 SF
=ACF  \\$aPrevious copyright fee: GBP24.97$c22\1$e05-feb-2014$fGBP24.97$g0$hP$5Uk
=ACF  \\$aPrevious copyright fee: GBP24.21$c22\1$e01-jul-2014$fGBP24.21$g0$hP$5Uk
=ACF  \\$aPrevious copyright fee: GBP25.77$c22\1$e01-apr-2015$fGBP25.77$g0$hP$5Uk
=ACF  \\$aPrevious copyright fee: GBP26.63$c22\1$e01-jul-2015$fGBP26.63$g0$hP$5Uk
=ACF  \\$aPrevious copyright fee: GBP25.77$c22\1$e01-oct-2015$fGBP25.77$g0$hP$5Uk
=ACF  \\$aPrevious copyright fee: GBP27.55$c22\1$e01-apr-2016$fGBP27.55$g0$hP$5Uk
=ACF  \\$aPrevious copyright fee: GBP29.59$c22\1$e01-oct-2016$fGBP29.59$g0$hP$5Uk
=ACF  \\$aPrevious copyright fee: GBP31.96$c22\1$e01-apr-2017$fGBP31.96$g0$hP$5Uk
=ACF  \\$aPrevious copyright fee: GBP30.73$c22\1$e01-oct-2017$fGBP30.73$g0$hP$5Uk
=ACF  \\$aPrevious copyright fee: GBP28.54$c22\1$e01-apr-2018$fGBP28.54$g0$hP$5Uk
=ACF  \\$aPrevious copyright fee: GBP34.00$c22\1$e01-jul-2018$fGBP34.00$g0$hP$5Uk
=CAT  \\$a8055$b40$c20140205$lBLL01$h1145
=CAT  \\$aBATCH-UPD$b00$c20150219$lBLL01$h1736
=CAT  \\$aIPL-CLA$c20150331$lBLL01$h1727
=CAT  \\$aBATCH-UPD$b00$c20150520$lBLL01$h1744
=CAT  \\$aIPL-CLA$c20150630$lBLL01$h1722
=CAT  \\$aBATCH-UPD$b00$c20150820$lBLL01$h1832
=CAT  \\$aIPL-CLA$c20150930$lBLL01$h1851
=CAT  \\$aBATCH-UPD$b00$c20160217$lBLL01$h1721
=CAT  \\$a12654$b40$c20160307$lBLL01$h1336
=CAT  \\$aIPL-CLA$c20160331$lBLL01$h1814
=CAT  \\$aBATCH-UPD$b00$c20160524$lBLL01$h2215
=CAT  \\$aBATCH-UPD$b00$c20160525$lBLL01$h0057
=CAT  \\$aBATCH-UPD$b00$c20160824$lBLL01$h1750
=CAT  \\$aIPL-CLA$c20160930$lBLL01$h1640
=CAT  \\$aBATCH-UPD$b00$c20170216$lBLL01$h1837
=CAT  \\$aIPL-CLA$c20170331$lBLL01$h1919
=CAT  \\$aBATCH-UPD$b00$c20170904$lBLL01$h1845
=CAT  \\$aIPL-CLA$c20170929$lBLL01$h1804
=CAT  \\$aBATCH-UPD$b00$c20180223$lBLL01$h1706
=CAT  \\$aIPL-CLA$c20180331$lBLL01$h1708
=CAT  \\$aBATCH-UPD$b00$c20180524$lBLL01$h1709
=CAT  \\$aIPL-CLA$c20180630$lBLL01$h1939
=CAT  \\$a5552$b40$c20210811$lBLL01$h0730
=CAT  \\$aIPL-CLA$c20210930$lBLL01$h1529
=CAT  \\$aBATCH-UPD$b00$c20221121$lBLL01$h1412
=CAT  \\$aIPL-CLA$c20221231$lBLL01$h1452
=CFI  0\$aCurrent copyright fee: GBP34.95$c22\1$e01-jan-2023$fGBP34.95$g0$hP$5Uk
=CFI  2\$aPrevious copyright fee: GBP43.00$c22\1$e01-oct-2021$fGBP43.00$g0$hP$5Uk
=EST  \\$a1
=FFP  \\$aY$bBLDSS-3PM
=FIN  \\$aY$d20140515
=FMT  \\$a  SE
=LAS  \\$aIPL-CLA$b00$c20221231$lBLL01$h1452
=MNI  \\$a2196-2979
=TOC  \\$aETOC
=UNO  \\$aY

