=LDR  04863cas a2201009 i 4500
=001  016623255
=003  Uk
=005  20221231145227.0
=006  m\\\\\\\\d\\\\\\\\
=007  cr\|||||||||||
=008  140205c19429999ii\qr\p\o\\\\\0\\\a0eng\\
=022  \\$a2250-1762
=037  \\$a???$bSpringer
=040  \\$aUk$beng$cUk$erda
=042  \\$aukblsr
=082  04$a500.205$223
=245  00$aProceedings of the National Academy of Sciences, India.$nSection A,$pPhysical Sciences.
=260  \\$aAllahabad :$bCouncil of the National Academy of Sciences, India
=264  31$32012-$aNew Delhi :$bSpringer India
=310  \\$aQuarterly
=336  \\$atext$2rdacontent
=337  \\$acomputer$2rdamedia
=338  \\$aonline resource$2rdacarrier
=362  1\$aPrint began in 1942.
=540  \\$aCurrent copyright fee: GBP29.95$c22\1$5Uk
=588  \\$aDescription based on print version record.
=588  \\$aLatest issue consulted: volume 84, issue 2 (June 2014) (SpringerLink, viewed May 19, 2014).
=650  \0$aPhysical sciences$vPeriodicals.
=710  2\$aNational Academy of Sciences, India,$eissuing body.
=776  08$iAlso issued in print as:$tProceedings of the National Academy of Sciences, India, Section A, Physical sciences$x0369-8203
=780  01$tProceedings of the National Academy of Sciences, India
=852  \\$aBritish Library$bDSC$j6761.900000$3Volume 84:Issue 1(2014)-Volume 88:Issue 1(2018)***See ESTAR for full holdings.
=852  41$aBritish Library$bHMNTS$jELD Digital store$3Volume 87:Issue 4(2017)-
=856  \\$31850-9999$uhttp://www.springer.com/gb/$xBLDSS
=856  40$uhttp://link.springer.com/journal/40010
=859  \\$aELD$bejournal
=945  \\$aProceedings of the National Academy of Sciences, India Section A: Physical Sciences
=959  \\$fHeld but not currently received
=985  \\$aDescription based on BL print record. OCLC records lack the 'Physical sciences' section title. ISSN records include the section title 'Physical sciences'.
=985  \\$aISSN record work record on ISSN Portal unable to add 222 15/5/14 SF
=ACF  \\$aPrevious copyright fee: GBP24.97$c22\1$e05-feb-2014$fGBP24.97$g0$hP$5Uk
=ACF  \\$aPrevious copyright fee: GBP24.21$c22\1$e01-jul-2014$fGBP24.21$g0$hP$5Uk
=ACF  \\$aPrevious copyright fee: GBP25.77$c22\1$e01-apr-2015$fGBP25.77$g0$hP$5Uk
=ACF  \\$aPrevious copyright fee: GBP26.63$c22\1$e01-jul-2015$fGBP26.63$g0$hP$5Uk
=ACF  \\$aPrevious copyright fee: GBP25.77$c22\1$e01-oct-2015$fGBP25.77$g0$hP$5Uk
=ACF  \\$aPrevious copyright fee: GBP27.55$c22\1$e01-apr-2016$fGBP27.55$g0$hP$5Uk
=ACF  \\$aPrevious copyright fee: GBP29.59$c22\1$e01-oct-2016$fGBP29.59$g0$hP$5Uk
=ACF  \\$aPrevious copyright fee: GBP31.96$c22\1$e01-apr-2017$fGBP31.96$g0$hP$5Uk
=ACF  \\$aPrevious copyright fee: GBP30.73$c22\1$e01-oct-2017$fGBP30.73$g0$hP$5Uk
=ACF  \\$aPrevious copyright fee: GBP28.54$c22\1$e01-apr-2018$fGBP28.54$g0$hP$5Uk
=CAT  \\$a12654$b40$c20140205$lBLL01$h1424
=CAT  \\$aIPL-CLA$c20150331$lBLL01$h1727
=CAT  \\$aBATCH-UPD$b00$c20150520$lBLL01$h1744
=CAT  \\$aIPL-CLA$c20150630$lBLL01$h1722
=CAT  \\$aBATCH-UPD$b00$c20150820$lBLL01$h1832
=CAT  \\$aIPL-CLA$c20150930$lBLL01$h1851
=CAT  \\$aBATCH-UPD$b00$c20160217$lBLL01$h1721
=CAT  \\$aIPL-CLA$c20160331$lBLL01$h1814
=CAT  \\$aBATCH-UPD$b00$c20160524$lBLL01$h2215
=CAT  \\$aBATCH-UPD$b00$c20160525$lBLL01$h0057
=CAT  \\$aBATCH-UPD$b00$c20160824$lBLL01$h1750
=CAT  \\$aIPL-CLA$c20160930$lBLL01$h1640
=CAT  \\$aBATCH-UPD$b00$c20170216$lBLL01$h1837
=CAT  \\$aIPL-CLA$c20170331$lBLL01$h1919
=CAT  \\$aBATCH-UPD$b00$c20170904$lBLL01$h1845
=CAT  \\$aIPL-CLA$c20170929$lBLL01$h1804
=CAT  \\$aBATCH-UPD$b00$c20180223$lBLL01$h1706
=CAT  \\$aIPL-CLA$c20180331$lBLL01$h1708
=CAT  \\$aW1805-0478$c20180520$lBLL01$h0949
=CAT  \\$aBATCH-UPD$b00$c20180524$lBLL01$h1709
=CAT  \\$aIPL-CLA$c20180630$lBLL01$h1939
=CAT  \\$a15190$b40$c20210331$lBLL01$h1108
=CAT  \\$a5410$b40$c20211013$lBLL01$h1039
=CAT  \\$a5410$b40$c20211013$lBLL01$h1040
=CAT  \\$aBATCH-UPD$b40$c20221121$lBLL01$h1406
=CAT  \\$aIPL-CLA$c20221231$lBLL01$h1452
=CFI  0\$aCurrent copyright fee: GBP29.95$c22\1$e01-jan-2023$fGBP29.95$g0$hP$5Uk
=CFI  2\$aPrevious copyright fee: GBP34.00$c22\1$e01-jul-2018$fGBP34.00$g0$hP$5Uk
=EST  \\$a1
=FFP  \\$aY$bBLDSS-3PM
=FIN  \\$aY$d20140519
=FMT  \\$a  SE
=LAS  \\$aIPL-CLA$b00$c20221231$lBLL01$h1452
=LKR  \\$aPAR$b007872353$lBLL01$nProceedings of the National Academy of Sciences, India, Section A, Physical sciences (Print)$mProceedings of the National Academy of Sciences, India, Section A, Physical sciences (Online)$r776
=MNI  \\$a0369-8203
=TOC  \\$aETOC
=UNO  \\$aY

