=LDR  04487cas a2201021 i 4500
=001  016623393
=003  Uk
=005  20230320111539.0
=006  m\\\\\\\\d\\\\\\\\
=007  cr\|||||||||||
=008  140205c19789999ii\br\p\o\\\\\0\\\a0eng\\
=022  \\$a2250-1754
=040  \\$aUk$beng$cUk$erda
=042  \\$aukblsr
=082  04$a505$223
=245  00$aNational Academy science letters.
=260  \\$a[Allahabad] :$bNational Academy of Sciences,$c1942-
=264  31$32012-$aNew Delhi :$bSpringer India
=310  \\$aBimonthly
=336  \\$atext$2rdacontent
=337  \\$acomputer$2rdamedia
=338  \\$aonline resource$2rdacarrier
=362  0\$aPrint began in 1978.
=540  \\$aCurrent copyright fee: GBP29.95$c22\1$5Uk
=588  \\$aDescription based on print version record.
=588  \\$aLatest issue consulted: volume 37, issue 2 (April 2014) (SpringerLink, viewed May 19, 2014).
=650  \0$aScience$vPeriodicals.
=710  2\$aNational Academy of Sciences, India,$eissuing body.
=776  08$iAlso issued in print as:$tNational Academy science letters$x0250-541X
=852  41$aBritish Library$bDSC$j6015.756000$3Volume 37:Issue 1(2014)-Volume 40:Issue 6(2017)***See ESTAR for full holdings.
=856  \\$31850-9999$uhttp://www.springer.com/gb/$xBLDSS
=856  40$uhttp://link.springer.com/journal/40009
=945  \\$aNational Academy science letters.
=959  \\$fHeld but not currently received
=979  \\$aBritish Library$bDSC$j6015.756000
=985  \\$aISSN record work record on ISSN Portal unable to add 222 15/5/14 SF
=ACF  \\$aPrevious copyright fee: GBP24.97$c22\3$e05-feb-2014$fGBP24.97$g0$hP$5Uk
=ACF  \\$aPrevious copyright fee: GBP24.21$c22\3$e01-jul-2014$fGBP24.21$g0$hP$5Uk
=ACF  \\$aPrevious copyright fee: GBP25.77$c22\3$e01-apr-2015$fGBP25.77$g0$hP$5Uk
=ACF  \\$aPrevious copyright fee: GBP26.63$c22\3$e01-jul-2015$fGBP26.63$g0$hP$5Uk
=ACF  \\$aPrevious copyright fee: GBP25.77$c22\3$e01-oct-2015$fGBP25.77$g0$hP$5Uk
=ACF  \\$aPrevious copyright fee: GBP27.55$c22\3$e01-apr-2016$fGBP27.55$g0$hP$5Uk
=ACF  \\$aPrevious copyright fee: GBP29.59$c22\3$e01-oct-2016$fGBP29.59$g0$hP$5Uk
=ACF  \\$aPrevious copyright fee: GBP31.96$c22\3$e01-apr-2017$fGBP31.96$g0$hP$5Uk
=ACF  \\$aPrevious copyright fee: GBP30.73$c22\3$e01-oct-2017$fGBP30.73$g0$hP$5Uk
=ACF  \\$aPrevious copyright fee: GBP28.54$c22\3$e01-apr-2018$fGBP28.54$g0$hP$5Uk
=CAT  \\$a12654$b40$c20140205$lBLL01$h1620
=CAT  \\$aIPL-CLA$c20140630$lBLL01$h1802
=CAT  \\$aBLDSS-3PM$b00$c20150103$lBLL01$h1049
=CAT  \\$aBATCH-UPD$b00$c20150219$lBLL01$h1745
=CAT  \\$aIPL-CLA$c20150331$lBLL01$h1727
=CAT  \\$aBATCH-UPD$b00$c20150520$lBLL01$h1752
=CAT  \\$aIPL-CLA$c20150630$lBLL01$h1722
=CAT  \\$aBATCH-UPD$b00$c20150820$lBLL01$h1840
=CAT  \\$aIPL-CLA$c20150930$lBLL01$h1851
=CAT  \\$aBATCH-UPD$b00$c20160217$lBLL01$h1730
=CAT  \\$aIPL-CLA$c20160331$lBLL01$h1814
=CAT  \\$aBATCH-UPD$b00$c20160524$lBLL01$h2215
=CAT  \\$aBATCH-UPD$b00$c20160525$lBLL01$h0057
=CAT  \\$aBATCH-UPD$b00$c20160824$lBLL01$h1757
=CAT  \\$aIPL-CLA$c20160930$lBLL01$h1640
=CAT  \\$aBATCH-UPD$b00$c20170216$lBLL01$h1845
=CAT  \\$aIPL-CLA$c20170331$lBLL01$h1919
=CAT  \\$aBATCH-UPD$b00$c20170904$lBLL01$h1854
=CAT  \\$aIPL-CLA$c20170929$lBLL01$h1804
=CAT  \\$aBATCH-UPD$b00$c20180223$lBLL01$h1727
=CAT  \\$aIPL-CLA$c20180331$lBLL01$h1708
=CAT  \\$aW1805-0478$c20180520$lBLL01$h0949
=CAT  \\$aBATCH-UPD$b00$c20180524$lBLL01$h1715
=CAT  \\$aIPL-CLA$c20180630$lBLL01$h1939
=CAT  \\$aBATCH-UPD$b00$c20221121$lBLL01$h1406
=CAT  \\$aIPL-CLA$c20221231$lBLL01$h1452
=CAT  \\$a5410$b40$c20230307$lBLL01$h1131
=CAT  \\$a5410$b40$c20230317$lBLL01$h1927
=CAT  \\$a5410$b40$c20230317$lBLL01$h1927
=CAT  \\$a5410$b40$c20230320$lBLL01$h1115
=CAT  \\$a5410$b40$c20230320$lBLL01$h1115
=CFI  0\$aCurrent copyright fee: GBP29.95$c22\1$e01-jan-2023$fGBP29.95$g0$hP$5Uk
=CFI  2\$aPrevious copyright fee: GBP34.00$c22\1$e01-jul-2018$fGBP34.00$g0$hP$5Uk
=EST  \\$a1
=FFP  \\$aY$bBLDSS-3PM
=FIN  \\$aY$d20140519
=FMT  \\$a  SE
=LAS  \\$a5410$b40$c20230320$lBLL01$h1115
=LKR  \\$aPAR$b012415627$lBLL01$nNational Academy science letters (Print)$mNational Academy science letters (Online)$r776
=MNI  \\$a0250-541X
=TOC  \\$aETOC
=UNO  \\$aY

