=LDR  04579cas a2201057 i 4500
=001  016623430
=003  Uk
=005  20221231145227.0
=006  m\\\\\o\\d\\\\\\\\
=007  cr\|||||||||||
=008  140327c20149999xxuqr\p\o\\\\\0\\\a0eng\d
=022  \\$y2196-2944
=035  \\$a(OCoLC)874924244
=040  \\$aCUS$beng$cCUS$dCUS$dUk$erda
=042  \\$aukblsr
=050  14$aTN1
=082  04$a620.11$223
=245  00$aMetallurgical and materials transactions.$nE,$pMaterials for energy systems.
=246  30$aMaterials for energy systems
=246  13$aMMTE
=246  17$aMetallurgical and materials transactions E
=260  \\$a[United States] :$bSpringer US,$c2014-
=310  \\$aQuarterly
=336  \\$atext$btxt$2rdacontent
=337  \\$acomputer$bc$2rdamedia
=338  \\$aonline resource$bcr$2rdacarrier
=362  0\$aVolume 1, issue 1 (March 2014)-
=515  \\$aVolume 1, issue 1 (March 2014)-  also called  Volume 1E (March 2014)-
=540  \\$aCurrent copyright fee: GBP29.95$c22\1$5Uk
=650  \0$aMaterials science$vPeriodicals.
=650  \0$aPower resources$vPeriodicals.
=650  \0$aEnergy transfer$vPeriodicals.
=650  \0$aEnergy storage$vPeriodicals.
=650  \0$aEnergy conservation$vPeriodicals.
=710  2\$aASM International,$eissuing body.
=710  2\$aMinerals, Metals and Materials Society,$eissuing body.
=776  08$iPrint version:$tMetallurgical and materials transactions. E, Materials for energy systems$x2196-2936
=852  41$aBritish Library$bDSC$j5698.118000$3Volume 1:Issue 1(2014)-Volume 4:Issue 2/4(2017)***See ESTAR for full holdings.
=856  \\$31850-9999$uhttp://www.springer.com/gb/$xBLDSS
=856  40$uhttp://link.springer.com/journal/40553
=945  \\$aMetallurgical and materials transactions E
=959  \\$fHeld but not currently received
=985  \\$aISSN still free on Portal, May 2014, no 222
=ACF  \\$aPrevious copyright fee: GBP24.97$c22\8$e06-feb-2014$fGBP24.97$g0$hP$5Uk
=ACF  \\$aPrevious copyright fee: GBP24.21$c22\8$e01-jul-2014$fGBP24.21$g0$hP$5Uk
=ACF  \\$aPrevious copyright fee: GBP25.77$c22\8$e01-apr-2015$fGBP25.77$g0$hP$5Uk
=ACF  \\$aPrevious copyright fee: GBP26.63$c22\8$e01-jul-2015$fGBP26.63$g0$hP$5Uk
=ACF  \\$aPrevious copyright fee: GBP25.77$c22\8$e01-oct-2015$fGBP25.77$g0$hP$5Uk
=ACF  \\$aPrevious copyright fee: GBP27.55$c22\8$e01-apr-2016$fGBP27.55$g0$hP$5Uk
=ACF  \\$aPrevious copyright fee: GBP29.59$c22\8$e01-oct-2016$fGBP29.59$g0$hP$5Uk
=ACF  \\$aPrevious copyright fee: GBP31.96$c22\8$e01-apr-2017$fGBP31.96$g0$hP$5Uk
=ACF  \\$aPrevious copyright fee: GBP30.73$c22\8$e01-oct-2017$fGBP30.73$g0$hP$5Uk
=ACF  \\$aPrevious copyright fee: GBP28.54$c22\8$e01-apr-2018$fGBP28.54$g0$hP$5Uk
=CAT  \\$a12654$b40$c20140206$lBLL01$h0818
=CAT  \\$aBLDSS-3PM$b00$c20150103$lBLL01$h1049
=CAT  \\$aBATCH-UPD$b00$c20150219$lBLL01$h1757
=CAT  \\$aIPL-CLA$c20150331$lBLL01$h1727
=CAT  \\$aBATCH-UPD$b00$c20150520$lBLL01$h1800
=CAT  \\$aIPL-CLA$c20150630$lBLL01$h1722
=CAT  \\$aBATCH-UPD$b00$c20150820$lBLL01$h1847
=CAT  \\$aBATCH-UPD$b00$c20150820$lBLL01$h2103
=CAT  \\$aIPL-CLA$c20150930$lBLL01$h1851
=CAT  \\$aBATCH-UPD$b00$c20160217$lBLL01$h1738
=CAT  \\$aIPL-CLA$c20160331$lBLL01$h1814
=CAT  \\$aBATCH-UPD$b00$c20160524$lBLL01$h2215
=CAT  \\$aBATCH-UPD$b00$c20160525$lBLL01$h0057
=CAT  \\$aBATCH-UPD$b00$c20160824$lBLL01$h1805
=CAT  \\$aIPL-CLA$c20160930$lBLL01$h1640
=CAT  \\$aBATCH-UPD$b00$c20170216$lBLL01$h1853
=CAT  \\$aIPL-CLA$c20170331$lBLL01$h1919
=CAT  \\$aBATCH-UPD$b00$c20170904$lBLL01$h1903
=CAT  \\$aIPL-CLA$c20170929$lBLL01$h1804
=CAT  \\$aBATCH-UPD$b00$c20180223$lBLL01$h1736
=CAT  \\$aIPL-CLA$c20180331$lBLL01$h1708
=CAT  \\$a8055$b40$c20180420$lBLL01$h1331
=CAT  \\$aBATCH-UPD$b40$c20180524$lBLL01$h1723
=CAT  \\$aIPL-CLA$c20180630$lBLL01$h1939
=CAT  \\$aBATCH-UPD$b00$c20221121$lBLL01$h1406
=CAT  \\$aIPL-CLA$c20221231$lBLL01$h1452
=CFI  0\$aCurrent copyright fee: GBP29.95$c22\1$e01-jan-2023$fGBP29.95$g0$hP$5Uk
=CFI  2\$aPrevious copyright fee: GBP34.00$c22\1$e01-jul-2018$fGBP34.00$g0$hP$5Uk
=EST  \\$a1
=FFP  \\$aY$bBLDSS-3PM
=FIN  \\$aY$d20140527
=FMT  \\$a  SE
=LAS  \\$aIPL-CLA$b00$c20221231$lBLL01$h1452
=LET  \0$aMetallurgical and materials transactions. E, Materials for energy systems (Online)
=MNI  \\$a2196-2936
=SID  \\$aZ39$bOCLC
=TOC  \\$aETOC
=UNO  \\$aY

