=LDR  04302cas a2200997 i 4500
=001  016624311
=003  Uk
=005  20230414153838.0
=006  m\\\\\\\\d\\\\\\\\
=007  cr\|||||||||||
=008  140207c20149999nyuqr\p\s\\\\\0\\\a0eng\\
=022  \\$a2196-2928
=037  \\$a???$bSpringer
=040  \\$aUk$beng$cUk$erda
=042  \\$aukblsr
=082  04$a658.8$223
=245  00$aCustomer needs and solutions.
=264  \1$aNew York :$bSpringer Science + Business Media,$c2014-
=310  \\$aQuarterly
=336  \\$atext$2rdacontent
=337  \\$acomputer$2rdamedia
=338  \\$aonline resource$2rdacarrier
=362  0\$aVolume 1, issue 1 (March 2014)-
=500  \\$aTitle from PDF of cover (SpringerLink, viewed June 3, 2014).
=540  \\$aCurrent copyright fee: GBP29.95$c22\1$5Uk
=588  \\$aLatest issue consulted: volume 1, issue 2 (June 2014) (viewed June 3, 2014).
=650  \0$aMarketing$vPeriodicals.
=650  \0$aCustomer relations$vPeriodicals.
=690  7\$aManagement and Business Studies$2blcoll
=710  2\$aFu dan ke chi xue chuang xin he zeng zhang yan jiu suo,$eissuing body.
=852  41$aBritish Library$bDSC$j3506.120950$3Volume 1:Issue 1(2014)-Volume 5:Issue 1/2(2018)***See ESTAR for full holdings.
=852  41$aBritish Library$bHMNTS$jELD Digital store$3Volume 5:Issue 1/2(2018)-
=856  \\$31850-9999$uhttp://www.springer.com/gb/$xBLDSS
=856  40$uhttp://link.springer.com/journal/40547
=859  \\$aXLD$bejournal
=859  \\$aELD$bejournal
=945  \\$aCustomer needs and solutions.
=959  \\$fHeld but not currently received
=979  \\$aBritish Library$bDSC$j3506.120950
=985  \\$aISSN still free on Portal 3/6/14. Website includes print ISSN but no evidence of print yet
=ACF  \\$aPrevious copyright fee: GBP24.97$c22\1$e07-feb-2014$fGBP24.97$g0$hP$5Uk
=ACF  \\$aPrevious copyright fee: GBP24.21$c22\1$e01-jul-2014$fGBP24.21$g0$hP$5Uk
=ACF  \\$aPrevious copyright fee: GBP25.77$c22\1$e01-apr-2015$fGBP25.77$g0$hP$5Uk
=ACF  \\$aPrevious copyright fee: GBP26.63$c22\1$e01-jul-2015$fGBP26.63$g0$hP$5Uk
=ACF  \\$aPrevious copyright fee: GBP25.77$c22\1$e01-oct-2015$fGBP25.77$g0$hP$5Uk
=ACF  \\$aPrevious copyright fee: GBP27.55$c22\1$e01-apr-2016$fGBP27.55$g0$hP$5Uk
=ACF  \\$aPrevious copyright fee: GBP29.59$c22\1$e01-oct-2016$fGBP29.59$g0$hP$5Uk
=ACF  \\$aPrevious copyright fee: GBP31.96$c22\1$e01-apr-2017$fGBP31.96$g0$hP$5Uk
=ACF  \\$aPrevious copyright fee: GBP30.73$c22\1$e01-oct-2017$fGBP30.73$g0$hP$5Uk
=ACF  \\$aPrevious copyright fee: GBP28.54$c22\1$e01-apr-2018$fGBP28.54$g0$hP$5Uk
=CAT  \\$a12654$b40$c20140207$lBLL01$h1048
=CAT  \\$aIPL-CLA$c20150930$lBLL01$h1851
=CAT  \\$aBATCH-UPD$b00$c20160217$lBLL01$h1721
=CAT  \\$aIPL-CLA$c20160331$lBLL01$h1814
=CAT  \\$aBATCH-UPD$b00$c20160524$lBLL01$h2215
=CAT  \\$aBATCH-UPD$b00$c20160525$lBLL01$h0058
=CAT  \\$aBATCH-UPD$b00$c20160824$lBLL01$h1750
=CAT  \\$aIPL-CLA$c20160930$lBLL01$h1640
=CAT  \\$aBATCH-UPD$b00$c20170216$lBLL01$h1837
=CAT  \\$aIPL-CLA$c20170331$lBLL01$h1919
=CAT  \\$aBATCH-UPD$b00$c20170904$lBLL01$h1845
=CAT  \\$aIPL-CLA$c20170929$lBLL01$h1804
=CAT  \\$a8871$b40$c20171108$lBLL01$h1530
=CAT  \\$a8871$b40$c20171108$lBLL01$h1534
=CAT  \\$aBATCH-UPD$b40$c20180223$lBLL01$h1706
=CAT  \\$aIPL-CLA$c20180331$lBLL01$h1708
=CAT  \\$aW1805-0475$c20180520$lBLL01$h1632
=CAT  \\$aBATCH-UPD$b00$c20180524$lBLL01$h1709
=CAT  \\$aIPL-CLA$c20180630$lBLL01$h1939
=CAT  \\$aW1908-0780$b00$c20200730$lBLL01$h1333
=CAT  \\$a5552$b40$c20200819$lBLL01$h0801
=CAT  \\$a15190$b40$c20201021$lBLL01$h1003
=CAT  \\$aCDS21$c20220118$lBLL01$h1105
=CAT  \\$aBATCH-UPD$b00$c20221121$lBLL01$h1406
=CAT  \\$aIPL-CLA$c20221231$lBLL01$h1452
=CAT  \\$a5410$b40$c20230414$lBLL01$h1538
=CFI  0\$aCurrent copyright fee: GBP29.95$c22\1$e01-jan-2023$fGBP29.95$g0$hP$5Uk
=CFI  2\$aPrevious copyright fee: GBP34.00$c22\1$e01-jul-2018$fGBP34.00$g0$hP$5Uk
=EST  \\$a1
=FFP  \\$aY$bBLDSS-3PM
=FIN  \\$aY$d20140603
=FMT  \\$a  SE
=LAS  \\$a5410$b40$c20230414$lBLL01$h1538
=MNI  \\$a2196-291X
=TOC  \\$aETOC
=UNO  \\$aY

