=LDR  04379cas a2201009 i 4500
=001  016624325
=003  Uk
=005  20230209142324.0
=006  m\\\\\\\\d\\\\\\\\
=007  cr\|||||||||||
=008  140207c20149999sz\qx\p\o\\\\\0\\\a0eng\\
=022  \\$y2196-5471
=040  \\$aUk$beng$cUk$erda
=042  \\$aukblsr
=082  04$a616.904105$223
=245  00$aCurrent clinical microbiology reports.
=264  \1$a[Cham] :$bSpringer International Publishing,$c2014-
=310  \\$aFour issues yearly
=336  \\$atext$2rdacontent
=337  \\$acomputer$2rdamedia
=338  \\$aonline resource$2rdacarrier
=362  0\$aVolume 1, issue 1/2 (September 2014)-
=500  \\$aTitle from table of contents (SpringerLink, viewed September 26, 2014).
=540  \\$aCurrent copyright fee: GBP34.95$c22\1$5Uk
=650  \0$aMedical microbiology$vPeriodicals.
=650  \0$aCommunicable diseases$vPeriodicals.
=650  \0$aInfection$vPeriodicals.
=852  41$aBritish Library$bDSC$j3496.055030$3Volume 1:Issue 1/2(2014)-Volume 5:Issue 1(2018)***See ESTAR for full holdings.
=856  \\$31850-9999$uhttp://www.springer.com/gb/$xBLDSS
=856  40$uhttp://link.springer.com/journal/volumesAndIssues/40588
=945  \\$aCurrent clinical microbiology reports
=959  \\$fHeld but not currently received
=979  \\$aBritish Library$bDSC$j3496.055030
=985  \\$aISSN record not on ISSN Portal unable to add 222 26/9/14 SF
=ACF  \\$aPrevious copyright fee: GBP24.97$c22\1$e07-feb-2014$fGBP24.97$g0$hP$5Uk
=ACF  \\$aPrevious copyright fee: GBP24.21$c22\1$e01-jul-2014$fGBP24.21$g0$hP$5Uk
=ACF  \\$aPrevious copyright fee: GBP25.77$c22\1$e01-apr-2015$fGBP25.77$g0$hP$5Uk
=ACF  \\$aPrevious copyright fee: GBP26.63$c22\1$e01-jul-2015$fGBP26.63$g0$hP$5Uk
=ACF  \\$aPrevious copyright fee: GBP25.77$c22\1$e01-oct-2015$fGBP25.77$g0$hP$5Uk
=ACF  \\$aPrevious copyright fee: GBP27.55$c22\1$e01-apr-2016$fGBP27.55$g0$hP$5Uk
=ACF  \\$aPrevious copyright fee: GBP29.59$c22\1$e01-oct-2016$fGBP29.59$g0$hP$5Uk
=ACF  \\$aPrevious copyright fee: GBP31.96$c22\1$e01-apr-2017$fGBP31.96$g0$hP$5Uk
=ACF  \\$aPrevious copyright fee: GBP30.73$c22\1$e01-oct-2017$fGBP30.73$g0$hP$5Uk
=ACF  \\$aPrevious copyright fee: GBP28.54$c22\1$e01-apr-2018$fGBP28.54$g0$hP$5Uk
=ACF  \\$aPrevious copyright fee: GBP34.00$c22\1$e01-jul-2018$fGBP34.00$g0$hP$5Uk
=CAT  \\$a8055$b40$c20140207$lBLL01$h1110
=CAT  \\$aBATCH-UPD$b00$c20150219$lBLL01$h1736
=CAT  \\$aIPL-CLA$c20150331$lBLL01$h1727
=CAT  \\$aBATCH-UPD$b00$c20150520$lBLL01$h1744
=CAT  \\$aIPL-CLA$c20150630$lBLL01$h1722
=CAT  \\$aBATCH-UPD$b00$c20150820$lBLL01$h1832
=CAT  \\$aIPL-CLA$c20150930$lBLL01$h1851
=CAT  \\$aBATCH-UPD$b00$c20160217$lBLL01$h1721
=CAT  \\$aIPL-CLA$c20160331$lBLL01$h1814
=CAT  \\$aBATCH-UPD$b00$c20160524$lBLL01$h2215
=CAT  \\$aBATCH-UPD$b00$c20160525$lBLL01$h0058
=CAT  \\$aBATCH-UPD$b00$c20160824$lBLL01$h1750
=CAT  \\$aIPL-CLA$c20160930$lBLL01$h1640
=CAT  \\$aBATCH-UPD$b00$c20170216$lBLL01$h1837
=CAT  \\$aIPL-CLA$c20170331$lBLL01$h1919
=CAT  \\$aBATCH-UPD$b00$c20170904$lBLL01$h1845
=CAT  \\$aIPL-CLA$c20170929$lBLL01$h1804
=CAT  \\$aBATCH-UPD$b00$c20180223$lBLL01$h1706
=CAT  \\$aIPL-CLA$c20180331$lBLL01$h1708
=CAT  \\$aW1805-0478$c20180520$lBLL01$h0949
=CAT  \\$aBATCH-UPD$b00$c20180524$lBLL01$h1709
=CAT  \\$aIPL-CLA$c20180630$lBLL01$h1939
=CAT  \\$a5552$b40$c20210811$lBLL01$h0737
=CAT  \\$aIPL-CLA$c20210930$lBLL01$h1529
=CAT  \\$aBATCH-UPD$b00$c20221121$lBLL01$h1412
=CAT  \\$aIPL-CLA$c20221231$lBLL01$h1452
=CAT  \\$a5410$b40$c20230204$lBLL01$h1208
=CAT  \\$a5410$b40$c20230208$lBLL01$h1114
=CAT  \\$a5410$b40$c20230208$lBLL01$h1115
=CAT  \\$a5410$b40$c20230209$lBLL01$h1423
=CAT  \\$a5410$b40$c20230209$lBLL01$h1423
=CFI  0\$aCurrent copyright fee: GBP34.95$c22\1$e01-jan-2023$fGBP34.95$g0$hP$5Uk
=CFI  2\$aPrevious copyright fee: GBP43.00$c22\1$e01-oct-2021$fGBP43.00$g0$hP$5Uk
=EST  \\$a1
=FFP  \\$aY$bBLDSS-3PM
=FIN  \\$aY$d20140926
=FMT  \\$a  SE
=LAS  \\$a5410$b40$c20230209$lBLL01$h1423
=LET  \0$aCurrent clinical microbiology reports (Electronic)
=MNI  \\$a2196-5471
=TOC  \\$aETOC
=UNO  \\$aY

