=LDR  04650cas a2201069 i 4500
=001  016624950
=003  Uk
=005  20230727125601.0
=006  m\\\\\\\\d\\\\\\\\
=007  cr\|||||||||||
=008  140207c20149999gw\qx\p\o\\\\\0\\\a0eng\\
=022  \\$a2348-8859
=040  \\$aUk$beng$cUk$dUk$erda
=042  \\$aukblsr
=082  04$a618.32005$223
=210  1\$aJ. fetal med.$b(Online)
=222  \0$aJournal of fetal medicine$b(Online)
=245  00$aJournal of fetal medicine.
=264  \1$a[New Delhi] :$bSpringer India,$c2014-
=264  \1$32023-$a[Stuttgart] :$bThieme
=310  \\$aFour issues yearly
=336  \\$atext$2rdacontent
=337  \\$acomputer$2rdamedia
=338  \\$aonline resource$2rdacarrier
=362  0\$aVolume 1, issue 1 (March 2014)-
=500  \\$aTitle from table of contents (SpringerLink, viewed September 26, 2014).
=515  \\$aFrom 2023, articles added as accepted to current annual volume.
=540  \\$aCurrent copyright fee: GBP32.00$c49\0$5Uk
=588  \\$aLatest issue consulted: 2023 (Thieme website, viewed July 27, 2023).
=650  \0$aFetus$xDiseases$vPeriodicals.
=650  \0$aFetus$xDiseases$zIndia$vPeriodicals.
=650  \0$aFetus$xAbnormalities$vPeriodicals.
=650  \0$aFetus$xAbnormalities$zIndia$vPeriodicals.
=650  \0$aPrenatal diagnosis$vPeriodicals.
=650  \0$aPrenatal diagnosis$zIndia$vPeriodicals.
=710  2\$aSociety of Fetal Medicine,$eissuing body.
=852  41$aBritish Library$bDSC$j4984.080000$3Volume 1:Issue 1(2014)-Volume 4:Issue 4(2017)***See ESTAR for full holdings.
=856  \\$31850-9999$uhttp://www.springer.com/gb/$xBLDSS
=856  40$uhttp://link.springer.com/journal/40556
=856  40$uhttps://www.thieme-connect.com/products/ejournals/journal/10.1055/s-00057371
=859  \\$aXLD$bejournal
=945  \\$aJournal of fetal medicine
=959  \\$fHeld but not currently received
=979  \\$aBritish Library$bDSC$j4984.080000
=985  \\$aISSN work record on ISSN Portal unable to add 222 26/9/14 SF
=ACF  \\$aPrevious copyright fee: GBP24.97$c22\1$e07-feb-2014$fGBP24.97$g0$hP$5Uk
=ACF  \\$aPrevious copyright fee: GBP24.21$c22\1$e01-jul-2014$fGBP24.21$g0$hP$5Uk
=ACF  \\$aPrevious copyright fee: GBP25.77$c22\1$e01-apr-2015$fGBP25.77$g0$hP$5Uk
=ACF  \\$aPrevious copyright fee: GBP26.63$c22\1$e01-jul-2015$fGBP26.63$g0$hP$5Uk
=ACF  \\$aPrevious copyright fee: GBP25.77$c22\1$e01-oct-2015$fGBP25.77$g0$hP$5Uk
=ACF  \\$aPrevious copyright fee: GBP27.55$c22\1$e01-apr-2016$fGBP27.55$g0$hP$5Uk
=ACF  \\$aPrevious copyright fee: GBP29.59$c22\1$e01-oct-2016$fGBP29.59$g0$hP$5Uk
=ACF  \\$aPrevious copyright fee: GBP31.96$c22\1$e01-apr-2017$fGBP31.96$g0$hP$5Uk
=ACF  \\$aPrevious copyright fee: GBP30.73$c22\1$e01-oct-2017$fGBP30.73$g0$hP$5Uk
=ACF  \\$aPrevious copyright fee: GBP28.54$c22\1$e01-apr-2018$fGBP28.54$g0$hP$5Uk
=ACF  \\$aPrevious copyright fee: GBP34.00$c22\1$e01-jul-2018$fGBP34.00$g0$hP$5Uk
=CAT  \\$a12654$b40$c20140207$lBLL01$h1717
=CAT  \\$a8871$b40$c20160315$lBLL01$h1712
=CAT  \\$aIPL-CLA$c20160331$lBLL01$h1814
=CAT  \\$aBATCH-UPD$b00$c20160524$lBLL01$h2215
=CAT  \\$aBATCH-UPD$b00$c20160525$lBLL01$h0058
=CAT  \\$aBATCH-UPD$b00$c20160824$lBLL01$h1750
=CAT  \\$aIPL-CLA$c20160930$lBLL01$h1641
=CAT  \\$aBATCH-UPD$b00$c20170216$lBLL01$h1837
=CAT  \\$aIPL-CLA$c20170331$lBLL01$h1919
=CAT  \\$aBATCH-UPD$b00$c20170904$lBLL01$h1845
=CAT  \\$aIPL-CLA$c20170929$lBLL01$h1804
=CAT  \\$aBATCH-UPD$b00$c20180223$lBLL01$h1706
=CAT  \\$aIPL-CLA$c20180331$lBLL01$h1708
=CAT  \\$aW1805-0475$c20180520$lBLL01$h1632
=CAT  \\$aBATCH-UPD$b00$c20180524$lBLL01$h1709
=CAT  \\$aIPL-CLA$c20180630$lBLL01$h1939
=CAT  \\$aW1908-0780$b00$c20200730$lBLL01$h1333
=CAT  \\$a5552$b40$c20210816$lBLL01$h1415
=CAT  \\$aIPL-CLA$c20210930$lBLL01$h1529
=CAT  \\$aCDS21$c20220118$lBLL01$h1105
=CAT  \\$a12654$b40$c20221109$lBLL01$h1119
=CAT  \\$a12654$b40$c20221109$lBLL01$h1121
=CAT  \\$aIPL-CLA$c20221231$lBLL01$h1452
=CAT  \\$a5410$b40$c20230412$lBLL01$h1429
=CAT  \\$a5410$b40$c20230412$lBLL01$h1430
=CAT  \\$a8124$b40$c20230727$lBLL01$h1256
=CFI  0\$aCurrent copyright fee: GBP32.00$c49\0$e01-jan-2023$fGBP32.00$g0$hP$5Uk
=CFI  2\$aPrevious copyright fee: GBP43.00$c22\1$e01-oct-2021$fGBP43.00$g0$hP$5Uk
=EST  \\$a1
=FFP  \\$aY$bBLDSS-3PM
=FIN  \\$aY$d20140926
=FMT  \\$a  SE
=LAS  \\$a8124$b40$c20230727$lBLL01$h1256
=MNI  \\$a2348-1153
=TOC  \\$aETOC
=UNO  \\$aY

