=LDR  02193cas a2200541 i 4500
=001  016625679
=003  Uk
=005  20150818092628.0
=006  m\\\\\|\\d\|\\\\\\
=007  cr\|||||||||||
=008  110302c20109999enkuu\p\o\\\\\0\\\a0eng\\
=015  \\$aGBB415204$2bnb
=040  \\$aUk$beng$cUk
=082  04$a338.47615109805$222
=245  00$aPharmaceutical market intelligence reports.$pLatin America.
=246  17$aWPM
=246  30$aLatin America
=260  \\$aChichester :$bEspicom,$c2010-
=336  \\$atext$2rdacontent
=337  \\$acomputer$2rdamedia
=338  \\$aonline resource$2rdacarrier
=362  0\$a2010/Q3-
=490  0\$aWorld pharmaceutical market report
=540  \\$aCurrent Copyright Fee: GBP100.00$c0$5Uk
=650  \0$aMarket surveys$zLatin America$vPeriodicals.
=650  \0$aPharmaceutical industry$zLatin America$vPeriodicals.
=650  \0$aPharmaceutical industry$zLatin America$xForecasting$vPeriodicals.
=690  7\$aManagement and Business Studies$2blcoll
=710  2\$aEspicom Business Intelligence.
=852  41$aBritish Library$bSTI$cBIPC$jELD Digital store$32012-*** Previous issues available in print copy
=859  \\$aELD$bejournal
=985  \\$a2014 cloned record for electronic format - will be upgraded
=985  \\$aISSN is invalid or cancelled
=985  \\$aCloned from print record. This resource has not existed in online format. Online reports were available at individual country level - SF 18/8/2015
=CAT  \\$aBATCH-CLA$b00$c20140228$lBLL01$h1619
=CAT  \\$aIPL-CLA$c20140331$lBLL01$h1643
=CAT  \\$aWR14.047$c20140417$lBLL01$h1647
=CAT  \\$aWRBMI_003$c20140525$lBLL01$h1533
=CAT  \\$aWR14_114$c20140818$lBLL01$h1743
=CAT  \\$a11316$b40$c20150818$lBLL01$h0926
=CAT  \\$aW1711-1225$c20171203$lBLL01$h1055
=CAT  \\$aW1711-1005$c20171206$lBLL01$h1826
=CFI  0\$aCurrent Copyright Fee: GBP100.00$c0$e01-apr-2014$fGBP100.00$g0$hC$5Uk
=CFI  2\$aPrevious Copyright Fee: GBP12.00$c0$e01-oct-2012$fGBP12.00$g0$hC$5Uk
=FIN  \\$aY$d20140208
=FMT  \\$a  SE
=LAS  \\$aW1711-1005$b00$c20171206$lBLL01$h1826
=STA  \\$aSUPPRESSED$bunable to determine reason for suppression

