=LDR  01599aas a2200505 i 4500
=001  016627162
=003  Uk
=005  20170517112742.0
=007  ta
=008  140210c20139999ne\ar\p\\\\\\\0\\\a0eng\\
=022  0\$a2212-5884
=040  \\$aUk$beng$cUk$erda
=042  \\$aukblsr
=082  04$a410.5$223
=245  00$aIndo-European linguistics.
=246  13$aIEL
=264  \1$aLeiden :$bBrill,$c2013-
=300  \\$c24 cm
=310  \\$aAnnual
=336  \\$atext$2rdacontent
=337  \\$aunmediated$2rdamedia
=338  \\$avolume$2rdacarrier
=362  0\$aVolume 1 (2013)-
=540  \\$aCurrent copyright fee: zero$c74\0$5Uk
=650  \0$aIndo-European philology$vPeriodicals.
=852  41$aBritish Library$bOC$jZD.9.a.1951$3Vol. 1 (2013)-v. 7 (2019)
=856  \\$31850-9999$uhttp://www.brill.com/$xBLDSS
=945  \\$aIndoEuropean linguistics.
=979  \\$aBritish Library$bDSC$j4437.584460N
=985  \\$aWork record only on ISSN portal. 17/6/2014.
=CAT  \\$a8496$b40$c20140210$lBLL01$h1349
=CAT  \\$a11205$b40$c20140618$lBLL01$h1030
=CAT  \\$a5552$b40$c20150310$lBLL01$h0859
=CAT  \\$aBLDSS-3PM$b00$c20150513$lBLL01$h0807
=CAT  \\$aBATCH-UPD$b00$c20160413$lBLL01$h1827
=CAT  \\$aBATCH-UPD$b00$c20160524$lBLL01$h2301
=CAT  \\$aBATCH-UPD$b00$c20160525$lBLL01$h0655
=CAT  \\$a5552$b40$c20170517$lBLL01$h1127
=CFI  0\$aCurrent copyright fee: zero$c74\0$e10-mar-2015$fGBP0.00$g0$hP$5Uk
=FFP  \\$aY$bBLDSS-3PM
=FIN  \\$aY$d20140618
=FMT  \\$a  SE
=LAS  \\$a5552$b40$c20170517$lBLL01$h1127
=TOC  \\$aETOC
=UNO  \\$aY

