=LDR  05798cas a2201141 i 4500
=001  016627603
=003  Uk
=005  20220930142913.0
=006  m\\\\\\\\d\\\\\\\\
=007  cr\|||||||||||
=008  140211c20149999xxumr\p\o\\\\\0\\\a0eng\\
=022  \\$a2329-9304$y2329-9290
=040  \\$aUk$beng$cUk$erda
=042  \\$aukblsr
=082  04$a621.3828$223
=245  00$aIEEE/ACM transactions on audio, speech, and language processing :$ba publication of the IEEE Signal Processing Society.
=246  3\$aInstitute of Electrical and Electronics Engineers / Association for Computing Machinery transactions on audio, speech, and language processing
=246  10$aTransactions on audio, speech, and language processing
=246  13$aAudio, speech, and language processing , IEEE/ACM transactions on
=264  \1$aNew York :$bInstitute of Electrical and Electronics Engineers, Inc.,$c2014-
=310  \\$aMonthly
=336  \\$atext$2rdacontent
=337  \\$acomputer$2rdamedia
=338  \\$aonline resource$2rdacarrier
=362  0\$aVolume 22, number 1 (January 2014)-
=500  \\$aTitle from PDF front cover (IEEE Xplore, viewed September 8, 2014).
=530  \\$aAlso issued bimonthly in print.
=540  \\$aCurrent copyright fee: GBP27.50$c32\0$5Uk
=588  \\$aLatest issue consulted: volume 22, number 12 (December 2014) (viewed September 8, 2014).
=650  \0$aSpeech processing systems$vPeriodicals.
=650  \0$aElectro-acoustics$vPeriodicals.
=650  \0$aSignal processing$xDigital techniques$vPeriodicals.
=710  2\$aInstitute of Electrical and Electronics Engineers.
=710  2\$aIEEE Signal Processing Society,$eissuing body.
=710  2\$aAssociation for Computing Machinery,$eissuing body.
=780  04$tACM transactions on speech and language processing$x1550-4883
=780  04$tIEEE transactions on audio, speech and language processing$x1558-7924
=852  41$aBritish Library$bDSC$j4362.787527$3Volume 22:Issue 1(2014)-***See ESTAR for ful holdings
=856  \\$31850-9999$uhttp://ieeexplore.ieee.org/Xplore/home.jsp$xBLDSS
=856  40$uhttp://ieeexplore.ieee.org/xpl/aboutJournal.jsp?punumber=6570655
=945  \\$aIEEE ACM transactions on audio speech and language processing
=959  \\$fCurrently received
=985  \\$aUnable to add 222, ISSN Portal work level record only - 8/9/2014
=ACF  \\$aPrevious copyright fee: GBP19.38$c32\0$e11-feb-2014$fGBP19.38$g0$hP$5Uk
=ACF  \\$aPrevious copyright fee: GBP18.79$c32\0$e01-jul-2014$fGBP18.79$g0$hP$5Uk
=ACF  \\$aPrevious copyright fee: GBP20.00$c32\0$e01-apr-2015$fGBP20.00$g0$hP$5Uk
=ACF  \\$aPrevious copyright fee: GBP20.67$c32\0$e01-jul-2015$fGBP20.67$g0$hP$5Uk
=ACF  \\$aPrevious copyright fee: GBP20.00$c32\0$e01-oct-2015$fGBP20.00$g0$hP$5Uk
=ACF  \\$aPrevious copyright fee: GBP21.38$c32\0$e01-apr-2016$fGBP21.38$g0$hP$5Uk
=ACF  \\$aPrevious copyright fee: GBP22.96$c32\0$e01-oct-2016$fGBP22.96$g0$hP$5Uk
=ACF  \\$aPrevious copyright fee: GBP24.44$c32\0$e01-jan-2017$fGBP24.44$g0$hP$5Uk
=ACF  \\$aPrevious copyright fee: GBP26.40$c32\0$e01-apr-2017$fGBP26.40$g0$hP$5Uk
=ACF  \\$aPrevious copyright fee: GBP25.38$c32\0$e01-oct-2017$fGBP25.38$g0$hP$5Uk
=ACF  \\$aPrevious copyright fee: GBP23.57$c32\0$e01-apr-2018$fGBP23.57$g0$hP$5Uk
=ACF  \\$aPrevious copyright fee: GBP25.38$c32\0$e01-oct-2018$fGBP25.38$g0$hP$5Uk
=ACF  \\$aPrevious copyright fee: GBP26.40$c32\0$e01-oct-2019$fGBP26.40$g0$hP$5Uk
=ACF  \\$aPrevious copyright fee: GBP25.38$c32\0$e01-apr-2020$fGBP25.38$g0$hP$5Uk
=ACF  \\$aPrevious copyright fee: GBP26.40$c32\0$e01-jul-2020$fGBP26.40$g0$hP$5Uk
=ACF  \\$aPrevious copyright fee: GBP24.44$c32\0$e01-apr-2021$fGBP24.44$g0$hP$5Uk
=ACF  \\$aPrevious copyright fee: GBP23.57$c32\0$e07-jul-2021$fGBP23.57$g0$hP$5Uk
=CAT  \\$a8055$b40$c20140211$lBLL01$h1342
=CAT  \\$aIPL-CLA$c20160930$lBLL01$h1641
=CAT  \\$aBATCH-UPD$b00$c20161122$lBLL01$h1535
=CAT  \\$aIPL-CLA$c20161231$lBLL01$h0016
=CAT  \\$aBATCH-UPD$b00$c20170221$lBLL01$h1736
=CAT  \\$aIPL-CLA$c20170331$lBLL01$h1919
=CAT  \\$aBATCH-UPD$b00$c20170904$lBLL01$h1937
=CAT  \\$aIPL-CLA$c20170929$lBLL01$h1804
=CAT  \\$aBATCH-UPD$b00$c20180223$lBLL01$h1813
=CAT  \\$aIPL-CLA$c20180331$lBLL01$h1708
=CAT  \\$aBATCH-UPD$b00$c20180823$lBLL01$h1952
=CAT  \\$aIPL-CLA$c20180930$lBLL01$h1516
=CAT  \\$aBATCH-UPD$b00$c20190829$lBLL01$h1553
=CAT  \\$aIPL-CLA$c20190930$lBLL01$h1653
=CAT  \\$aBATCH-UPD$b00$c20200219$lBLL01$h1534
=CAT  \\$aIPL-CLA$c20200331$lBLL01$h1630
=CAT  \\$aBATCH-UPD$b00$c20200522$lBLL01$h1517
=CAT  \\$aIPL-CLA$c20200701$lBLL01$h0116
=CAT  \\$aBATCH-UPD$b00$c20210226$lBLL01$h1100
=CAT  \\$aIPL-CLA$c20210331$lBLL01$h1703
=CAT  \\$aBATCH-UPD$b00$c20210707$lBLL01$h1623
=CAT  \\$aIPL-CLA$c20210707$lBLL01$h1844
=CAT  \\$aBATCH-UPD$b00$c20220520$lBLL01$h1704
=CAT  \\$aIPL-CLA$c20220630$lBLL01$h1539
=CAT  \\$aBATCH-UPD$b00$c20220824$lBLL01$h0927
=CAT  \\$aIPL-CLA$c20220930$lBLL01$h1429
=CFI  0\$aCurrent copyright fee: GBP27.50$c32\0$e01-oct-2022$fGBP27.50$g0$hP$5Uk
=CFI  2\$aPrevious copyright fee: GBP26.40$c32\0$e01-jul-2022$fGBP26.40$g0$hP$5Uk
=EST  \\$a1
=FFP  \\$aY$bBLDSS-3PM
=FIN  \\$aY$d20140908
=FMT  \\$a  SE
=LAS  \\$aIPL-CLA$b00$c20220930$lBLL01$h1429
=LET  \0$aIEEE/ACM transactions on audio, speech, and language processing (Electronic)
=LKR  \\$aPAR$b013566570$lBLL01$r78004$mIEEE/ACM transactions on audio, speech, and language processing (Online)$nIEEE transactions on audio, speech and language processing (Online)
=MNI  \\$a2329-9290
=TOC  \\$aETOC
=UNO  \\$aY

