=LDR  03969cas a2200913 a 4500
=001  016630078
=003  Uk
=005  20230414160314.0
=006  m\\\\\o\\d\\\\\\\\
=007  cr\|||||||||||
=008  050921c20069999pauqr\p\o\\\\\0\\\a0eng\\
=010  \\$a  2005213182
=022  \\$y1558-2302
=035  \\$a(OCoLC)61680715
=040  \\$aNSD$beng$cNSD$dNSD$dOCLCQ$dLGG$dDLC$dOCLCQ$dOPELS$dOCLCF$dUk
=042  \\$ansdp$aukblsr
=050  14$aRD563$b.C63
=082  04$a617.585$223
=130  0\$aClinics in podiatric medicine and surgery (Online)
=210  0\$aClin. podiatr. med. surg.$b(Online)
=222  \0$aClinics in podiatric medicine and surgery$b(Online)
=245  10$aClinics in podiatric medicine and surgery$h[electronic resource].
=246  13$aPodiatric medicine and surgery
=246  13$aCPEM
=260  \\$aPhiladelphia, PA :$bW.B. Saunders Co.
=264  \1$a[United States] :$bElsevier
=310  \\$aQuarterly
=336  \\$atext$2rdacontent
=337  \\$acomputer$2rdamedia
=338  \\$aonline resource$2rdacarrier
=362  1\$aPrint began in 2006.
=500  \\$aPublished: Elsevier Health Sciences Division <2005->
=540  \\$aCurrent copyright fee: GBP34.30$c5\1$5Uk
=580  \\$aIncludes issues of earlier title: Clinics in podiatric medicine and surgery of North America.
=588  \\$aLatest issue consulted: volume 31, issue 2 (April 2014) (ScienceDirect, viewed May 20, 2014).
=650  \0$aPodiatry$vPeriodicals.
=650  \0$aFoot$xSurgery$vPeriodicals.
=650  \7$aFoot$xSurgery.$2fast
=650  \7$aPodiatry.$2fast
=655  \4$aElectronic journals.
=655  \7$aPeriodicals.$2fast
=776  08$iPrint version:$tClinics in podiatric medicine and surgery
=780  10$tClinics in podiatric medicine and surgery of North America
=852  41$aBritish Library$bDSC$j3286.590650$3Volume 31:Issue 1(2014)-Volume 34:Issue 4(2017)***See ESTAR for full holdings.
=856  \\$31850-9999$uhttp://www.elsevier.com/journals$xBLDSS
=856  40$3ClinicalKey$uhttp://www.clinicalkey.com.au/dura/browse/journalIssue/08918422
=856  40$3ClinicalKey$uhttp://www.clinicalkey.com/dura/browse/journalIssue/08918422
=856  40$uhttp://www.podiatric.theclinics.com/
=856  40$uhttp://www.sciencedirect.com/science/journal/08918422/
=945  \\$aClinics in podiatric medicine and surgery.
=959  \\$fHeld but not currently received
=979  \\$aBritish Library$bDSC$j3286.590650
=985  \\$aNB. US ISSN & LC HAVE NOT TREATED THIS AS A C/T, BUT AS A CONTINUOUS PUBLICATION WITH VARIANT TITLE. C/T done to maintain mirror record with DSC print record.
=ACF  \\$aPrevious copyright fee: GBP22.50$c5\1$e13-feb-2014$fGBP22.50$g0$hP$5Uk
=ACF  \\$aPrevious copyright fee: GBP23.40$c5\1$e01-jan-2018$fGBP23.40$g0$hP$5Uk
=CAT  \\$a12654$b40$c20140213$lBLL01$h1245
=CAT  \\$a8483$b40$c20140520$lBLL01$h1223
=CAT  \\$a8483$b40$c20140520$lBLL01$h1228
=CAT  \\$aBLDSS-3PM$b00$c20141222$lBLL01$h1721
=CAT  \\$aBATCH-UPD$b00$c20160527$lBLL01$h1414
=CAT  \\$aBATCH-UPD$b00$c20171121$lBLL01$h1755
=CAT  \\$aIPL-CLA$c20171231$lBLL01$h1823
=CAT  \\$aW1805-0471$c20180520$lBLL01$h1140
=CAT  \\$aBATCH-UPD$b00$c20190521$lBLL01$h1446
=CAT  \\$aIPL-CLA$c20190630$lBLL01$h1548
=CAT  \\$aBATCH-UPD$b00$c20211119$lBLL01$h1602
=CAT  \\$aIPL-CLA$c20211231$lBLL01$h1546
=CAT  \\$a5410$b40$c20230414$lBLL01$h1603
=CFI  0\$aCurrent copyright fee: GBP34.30$c5\1$e01-jan-2022$fGBP34.30$g0$hP$5Uk
=CFI  2\$aPrevious copyright fee: GBP32.84$c5\1$e01-jul-2019$fGBP32.84$g0$hP$5Uk
=EST  \\$a1
=FFP  \\$aY$bBLDSS-3PM
=FIN  \\$aY$d20140520
=FMT  \\$a  SE
=LAS  \\$a5410$b40$c20230414$lBLL01$h1603
=LKR  \\$aPAR$b014340050$lBLL01$r776$mClinics in podiatric medicine and surgery (Online)$nClinics in podiatric medicine and surgery.
=MNI  \\$a0891-8422
=SID  \\$aZ39$bOCLC
=TOC  \\$aETOC

