=LDR  03396cas a2200757 i 4500
=001  016633553
=003  Uk
=005  20230411093229.0
=006  m\\\\\\\\d\\\\\\\\
=007  cr\|||||||||||
=008  140220c20139999fr\br\p\s\\\\\0\\\b0fre\\
=022  \\$y2213-6533
=040  \\$aUk$beng$cUk$erda
=041  0\$afre$beng
=042  \\$aukblsr
=082  04$a617.522$223
=245  00$aRevue de stomatologie, de chirurgie maxillo-faciale et de chirurgie orale.
=264  \1$aIssy les Moulineaux :$bElsevier Masson,$c2013-
=300  \\$billustrations (colour)
=310  \\$aBimonthly
=336  \\$atext$2rdacontent
=337  \\$acomputer$2rdamedia
=338  \\$aonline resource$2rdacarrier
=362  0\$aVolume 114, no 1 (Février 2013)-
=500  \\$aTitle from issue contents page (ScienceDirect, viewed June 3 2014).
=540  \\$aCurrent copyright fee: GBP34.30$c5\1$5Uk
=546  \\$aIn French with French and English summaries.
=588  \\$aLatest issue consulted: volume 115, issue 2 (April 2014) (viewed June 3, 2014).
=650  \0$aFace$xSurgery$vPeriodicals.
=650  \0$aDentistry$vPeriodicals.
=650  \0$aMouth$xSurgery$vPeriodicals.
=710  2\$aSociété franc̦aise de stomatologie, chirurgie maxillo-facile et de chirurgie orale,$eissuing body.
=776  08$iAlso issued in print as:$tRevue de stomatologie, de chirurgie maxillo-faciale et de chirurgie orale$x2213-6533
=780  00$tRevue de stomatologie et de chirurgie maxillo-faciale (Online)$x1776-257X
=852  41$aBritish Library$bDSC$j7953.325000$3Volume 115:Issue 1(2014)-Volume 117:Issue 6(2016)***See ESTAR for full holdings.
=856  \\$31850-9999$uhttp://www.elsevier.com/journals$xBLDSS
=856  40$uhttp://www.sciencedirect.com/science/journal/22136533
=945  \\$aRevue de Stomatologie et de Chirurgie Maxillo-Faciale et de Chirurgie Orale
=959  \\$fHeld but not currently received
=979  \\$aBritish Library$bDSC$j7953.325000
=985  \\$aOnline ISSN 2213-6541 still work record on Portal 3/6/14
=ACF  \\$aPrevious copyright fee: GBP22.50$c5\1$e20-feb-2014$fGBP22.50$g0$hP$5Uk
=ACF  \\$aPrevious copyright fee: GBP23.40$c5\1$e01-jan-2018$fGBP23.40$g0$hP$5Uk
=CAT  \\$a12654$b40$c20140220$lBLL01$h1232
=CAT  \\$a8124$b40$c20140603$lBLL01$h1231
=CAT  \\$a8124$b40$c20140603$lBLL01$h1234
=CAT  \\$aBLDSS-3PM$b00$c20141222$lBLL01$h1721
=CAT  \\$aBATCH-UPD$b00$c20160606$lBLL01$h0856
=CAT  \\$aBATCH-UPD$b00$c20171121$lBLL01$h1755
=CAT  \\$aIPL-CLA$c20171231$lBLL01$h1823
=CAT  \\$aW1805-0471$c20180520$lBLL01$h1140
=CAT  \\$aBATCH-UPD$b00$c20190521$lBLL01$h1446
=CAT  \\$aIPL-CLA$c20190630$lBLL01$h1548
=CAT  \\$aBATCH-UPD$b00$c20211119$lBLL01$h1602
=CAT  \\$aIPL-CLA$c20211231$lBLL01$h1546
=CAT  \\$a5410$b40$c20230411$lBLL01$h0932
=CFI  0\$aCurrent copyright fee: GBP34.30$c5\1$e01-jan-2022$fGBP34.30$g0$hP$5Uk
=CFI  2\$aPrevious copyright fee: GBP32.84$c5\1$e01-jul-2019$fGBP32.84$g0$hP$5Uk
=EST  \\$a1
=FFP  \\$aY$bBLDSS-3PM
=FIN  \\$aY$d20140603
=FMT  \\$a  SE
=LAS  \\$a5410$b40$c20230411$lBLL01$h0932
=LKR  \\$aPAR$b016732203$lBLL01$nRevue de stomatologie, de chirurgie maxillo-faciale et de chirurgie orale$mRevue de stomatologie, de chirurgie maxillo-faciale et de chirurgie orale$r776
=MNI  \\$a2213-6533
=TOC  \\$aETOC

