=LDR  04687cas a2201069 i 4500
=001  016636571
=003  Uk
=005  20230412153058.0
=006  m\\\\\\\\d\\\\\\\\
=007  cr\|||||||||||
=008  140226c20149999pauqr\p\s\\\\\0\\\a0eng\\
=015  \\$aGBB5H2119$2bnb
=022  \\$a2329-4523$y2329-4515
=037  \\$aISSN_23294515_21$bPortico$nTaylor & Francis
=040  \\$aUk$beng$cUk$dUk$erda
=042  \\$aukblsr
=082  04$a174.205$223
=222  \0$aAJOB empirical bioethics$b(Online)
=245  00$aAJOB empirical bioethics.
=246  3\$aAmerican journal of bioethics empirical bioethics
=264  \1$a[Philadelphia] :$bTaylor & Francis,$c2014-
=300  \\$billustrations (black and white)
=310  \\$aQuarterly
=336  \\$atext$2rdacontent
=337  \\$acomputer$2rdamedia
=338  \\$aonline resource$2rdacarrier
=362  0\$aVolume 5, issue 1 (2014)-
=500  \\$aTitle from table of contents page (Taylor & Francis Online, viewed March 4, 2014).
=540  \\$aCurrent copyright fee: GBP46.00$c2\0$5Uk
=580  \\$aIncludes issues of earlier title: AJOB primary research.
=588  \\$aLatest issue consulted: volume 7, number 1 (2016) (viewed December 2, 2015).
=650  \0$aBioethics$vPeriodicals.
=650  \0$aBioethics$xResearch$vPeriodicals.
=650  \0$aBioethics$xMethodology$vPeriodicals.
=650  \0$aMedical ethics$vPeriodicals.
=776  08$iAlso issued in print as:$tAJOB Empirical Bioethics$x2329-4515
=780  10$tAJOB primary research (Online)$x2150-7724
=787  0\$tAmerican journal of bioethics (Online)$x1536-0075
=852  41$aBritish Library$bHMNTS$jELD Digital store$3Volume 7:Issue 1(2016)-***Previous issues available in print
=852  41$aBritish Library$bDSC$j0785.507260$3Volume 5:Issue 1(2014)-Volume 8:Issue 4(2017)
=856  40$uhttp://www.tandfonline.com/loi/uabr20
=856  \\$31850-9999$uhttp://www.tandfonline.com/$xBLDSS
=859  \\$aELD$bejournal
=945  \\$aAJOB empirical bioethics
=959  \\$fHeld but not currently received
=979  \\$aBritish Library$bDSC$j0785.507260
=985  \\$aISSN still work record, no 222 added, 4/3/14, CS
=ACF  \\$aPrevious copyright fee: GBP24.00$c2\0$e26-feb-2014$fGBP24.00$g0$hP$5Uk
=ACF  \\$aPrevious copyright fee: GBP26.00$c2\0$e01-jan-2016$fGBP26.00$g0$hP$5Uk
=ACF  \\$aPrevious copyright fee: GBP25.00$c2\0$e01-jan-2015$fGBP25.00$g0$hP$5Uk
=ACF  \\$aPrevious copyright fee: GBP34.00$c2\0$e04-mar-2016$fGBP34.00$g0$hP$5Uk
=ACF  \\$aPrevious copyright fee: GBP36.00$c2\0$e01-jan-2017$fGBP36.00$g0$hP$5Uk
=ACF  \\$aPrevious copyright fee: GBP38.00$c2\0$e01-jan-2018$fGBP38.00$g0$hP$5Uk
=ACF  \\$aPrevious copyright fee: GBP40.00$c2\0$e01-jan-2019$fGBP40.00$g0$hP$5Uk
=ACF  \\$aPrevious copyright fee: GBP42.00$c2\0$e01-jan-2020$fGBP42.00$g0$hP$5Uk
=CAT  \\$a12654$b40$c20140226$lBLL01$h0909
=CAT  \\$aBLDSS-3PM$b00$c20141130$lBLL01$h1251
=CAT  \\$aIPL-CLA$c20141231$lBLL01$h1704
=CAT  \\$aBATCH-UPD$b00$c20151119$lBLL01$h1546
=CAT  \\$a8478$b40$c20151201$lBLL01$h1313
=CAT  \\$a8323$b40$c20151202$lBLL01$h0910
=CAT  \\$a8478$b40$c20151209$lBLL01$h1340
=CAT  \\$aIPL-CLA$c20151231$lBLL01$h1935
=CAT  \\$a8037$b40$c20160121$lBLL01$h0953
=CAT  \\$a5552$b40$c20160304$lBLL01$h1219
=CAT  \\$aBATCH-UPD$b40$c20160526$lBLL01$h0606
=CAT  \\$aBATCH-UPD$b40$c20161122$lBLL01$h1501
=CAT  \\$aIPL-CLA$c20161231$lBLL01$h0016
=CAT  \\$aBATCH-UPD$b00$c20171121$lBLL01$h1640
=CAT  \\$aW1711-1005$c20171206$lBLL01$h1827
=CAT  \\$aIPL-CLA$c20171231$lBLL01$h1823
=CAT  \\$aBATCH-UPD$b00$c20181217$lBLL01$h1648
=CAT  \\$aIPL-CLA$c20181231$lBLL01$h1553
=CAT  \\$aW1811-111$c20190203$lBLL01$h0956
=CAT  \\$aBATCH-UPD$b00$c20191122$lBLL01$h1910
=CAT  \\$aIPL-CLA$c20191231$lBLL01$h2037
=CAT  \\$aBATCH-UPD$b00$c20201118$lBLL01$h1345
=CAT  \\$aIPL-CLA$c20201231$lBLL01$h1533
=CAT  \\$aBATCH-UPD$b00$c20221121$lBLL01$h1335
=CAT  \\$aIPL-CLA$c20221231$lBLL01$h1452
=CAT  \\$a5410$b40$c20230412$lBLL01$h1530
=CFI  0\$aCurrent copyright fee: GBP46.00$c2\0$e01-jan-2023$fGBP46.00$g0$hP$5Uk
=CFI  2\$aPrevious copyright fee: GBP44.00$c2\0$e01-jan-2021$fGBP44.00$g0$hP$5Uk
=EST  \\$a1
=FFP  \\$aY$bBLDSS-3PM
=FIN  \\$aY$d20140304
=FMT  \\$a  SE
=LAS  \\$a5410$b40$c20230412$lBLL01$h1530
=LKR  \\$aPAR$b016006401$lBLL01$nAJOB primary research$mAJOB empirical bioethics$r78010
=LKR  \\$aPAR$b013351452$lBLL01$nAmerican journal of bioethics$mAJOB empirical bioethics$r787
=MNI  \\$a2329-4515
=TOC  \\$aETOC

