=LDR  05196cas a2201177 i 4500
=001  016636621
=003  Uk
=005  20221231145231.0
=006  m\\\\\o\\d\\\\\\\\
=007  cr\|||||||||||
=008  050614c19839999pauqr\p\o\o\\\0\\\a0eng\\
=010  \\$a2013200092
=015  \\$aGBB5H2236$2bnb
=022  \\$a2326-2486$y0882-1127
=035  \\$a(OCoLC)60618162$z(OCoLC)678587620$z(OCoLC)705786680
=037  \\$aISSN_08821127_21$bPortico$nTaylor & Francis
=040  \\$aOCLCS$beng$cOCLCS$dTXJ$dOCLCQ$dOCLCE$dOCLCQ$dDLC$dOCLCO$dUBY$dOCLCQ$dTXA$dOCLCF$dUk$erda
=042  \\$aukblsr
=043  \\$an-us---
=050  14$aPN4700$b.A39
=082  04$a071.309$223
=222  \0$aAmerican journalism$b(Online)
=245  00$aAmerican journalism.
=264  \1$a[Conway] :$bAmerican Journalism Historians Association,$c[1983]-
=264  31$32013- :$a[Philadelphia] :$bRoutledge, Taylor & Francis
=300  \\$billustrations (black and white)
=310  \\$aQuarterly,$b1986-
=321  \\$aTwo no. a year,$b1985
=321  \\$aOne no. a year,$b1983-1984
=336  \\$atext$btxt$2rdacontent
=337  \\$acomputer$bc$2rdamedia
=338  \\$aonline resource$bcr$2rdacarrier
=347  \\$atext file$bPDF$2rda
=362  1\$aBegan with: Volume 1, number 1 (summer 1983).
=540  \\$aCurrent copyright fee: GBP37.00$c2\0$5Uk
=550  \\$aThe publication of the American Journalism Historians Association.
=555  \\$aVols. 1 (1983)-18 (2001). 1 v.
=588  \\$aDescription based on: Volume 1, number 1 (summer 1983); title from PDF cover (archive.org, viewed June 5, 2013).
=588  \\$aLatest issue consulted: volume 32, issue 3 (2015) (Taylor & Francis Online, viewed December 3, 2015).
=650  \0$aJournalism$zUnited States$xHistory$vPeriodicals.
=650  \0$aJournalism$xHistory$vPeriodicals.
=650  \0$aJournalism$zUnited States$vPeriodicals.
=655  \7$aPeriodicals.$2fast
=710  2\$aAmerican Journalism Historians Association,$eissuing body.
=776  08$iPrint version:$tAmerican journalism$x0882-1127
=852  41$aBritish Library$bHMNTS$jELD Digital store$3Volume 33:Issue 1(2016)-***Previous issues available in print copy
=852  41$aBritish Library$bDSC$j0840.135000$3Volume 31:Issue 1(2014)-Volume 31:Issue 4(2014)
=856  40$uhttp://www.tandfonline.com/uamj
=856  40$uhttp://archive.org/
=856  40$uhttp://vnweb.hwwilsonweb.com/hww/Journals/searchAction.jhtml?sid=HWW:HUMFT&issn=0882-1127
=856  40$uhttp://www.american-journalism.org/
=856  \\$31850-9999$uhttp://www.tandfonline.com/$xBLDSS
=859  \\$aELD$bejournal
=945  \\$aAmerican journalism
=959  \\$fHeld but not currently received
=985  \\$aISSN still work record 4/3/14, no 222 added, CS
=ACF  \\$aPrevious copyright fee: GBP24.00$c2\0$e26-feb-2014$fGBP24.00$g0$hP$5Uk
=ACF  \\$aPrevious copyright fee: GBP25.00$c2\0$e01-jan-2015$fGBP25.00$g0$hP$5Uk
=ACF  \\$aPrevious copyright fee: GBP26.00$c2\0$e01-jan-2016$fGBP26.00$g0$hP$5Uk
=ACF  \\$aPrevious copyright fee: GBP28.00$c2\0$e01-jan-2017$fGBP28.00$g0$hP$5Uk
=ACF  \\$aPrevious copyright fee: GBP30.00$c2\0$e01-jan-2018$fGBP30.00$g0$hP$5Uk
=ACF  \\$aPrevious copyright fee: GBP32.00$c2\0$e01-jan-2019$fGBP32.00$g0$hP$5Uk
=ACF  \\$aPrevious copyright fee: GBP34.00$c2\0$e01-jan-2020$fGBP34.00$g0$hP$5Uk
=CAT  \\$a12654$b40$c20140226$lBLL01$h0957
=CAT  \\$aBATCH-UPD$b40$c20141124$lBLL01$h1806
=CAT  \\$aBLDSS-3PM$b00$c20141130$lBLL01$h1251
=CAT  \\$aCDS15-UPD$b40$c20141130$lBLL01$h1854
=CAT  \\$aIPL-CLA$c20141231$lBLL01$h1704
=CAT  \\$aBATCH-UPD$b00$c20151115$lBLL01$h1743
=CAT  \\$aBATCH-UPD$b00$c20151119$lBLL01$h1546
=CAT  \\$a8464$b40$c20151201$lBLL01$h1039
=CAT  \\$a8323$b40$c20151203$lBLL01$h1139
=CAT  \\$aIPL-CLA$c20151231$lBLL01$h1935
=CAT  \\$a8323$b40$c20160104$lBLL01$h0958
=CAT  \\$a8037$b40$c20160121$lBLL01$h1101
=CAT  \\$aBATCH-UPD$b40$c20160525$lBLL01$h1734
=CAT  \\$aBATCH-UPD$b40$c20161122$lBLL01$h1515
=CAT  \\$aIPL-CLA$c20161231$lBLL01$h0016
=CAT  \\$aBATCH-UPD$b00$c20171121$lBLL01$h1650
=CAT  \\$aW1711-1005$c20171206$lBLL01$h1827
=CAT  \\$aIPL-CLA$c20171231$lBLL01$h1823
=CAT  \\$aBATCH-UPD$b00$c20181217$lBLL01$h1641
=CAT  \\$aIPL-CLA$c20181231$lBLL01$h1553
=CAT  \\$aBATCH-UPD$b00$c20191122$lBLL01$h1903
=CAT  \\$aIPL-CLA$c20191231$lBLL01$h2037
=CAT  \\$aBATCH-UPD$b00$c20201118$lBLL01$h1336
=CAT  \\$aIPL-CLA$c20201231$lBLL01$h1533
=CAT  \\$aBATCH-UPD$b00$c20221121$lBLL01$h1350
=CAT  \\$aIPL-CLA$c20221231$lBLL01$h1452
=CFI  0\$aCurrent copyright fee: GBP37.00$c2\0$e01-jan-2023$fGBP37.00$g0$hP$5Uk
=CFI  2\$aPrevious copyright fee: GBP35.00$c2\0$e01-jan-2021$fGBP35.00$g0$hP$5Uk
=EST  \\$a1
=FFP  \\$aY$bBLDSS-3PM
=FIN  \\$aY$d20140304
=FMT  \\$a  SE
=LAS  \\$aIPL-CLA$b00$c20221231$lBLL01$h1452
=LET  \0$aAmerican journalism (Electronic)
=LKR  \\$aPAR$b009829518$lBLL01$nAmerican journalism (Print)$mAmerican journalism (Online)$r776
=MNI  \\$a0882-1127
=SID  \\$aZ39$bOCLC
=TOC  \\$aETOC

