=LDR  04873cas a2201069 i 4500
=001  016636673
=003  Uk
=005  20230414154341.0
=006  m\\\\\\\\d\\\\\\\\
=007  cr\|||||||||||
=008  140226c20139999enkfr\p\o\\\\\0\\\a0eng\\
=015  \\$aGBB5I3070$2bnb
=022  \\$a2325-7989$y2325-7962
=037  \\$aISSN_23257962_21$bPortico$nTaylor & Francis
=040  \\$aUk$beng$cUk$dUk$erda
=042  \\$aukblsr
=082  04$a025.1714094105$223
=222  \0$aArchives and records$b(Abingdon, England. Online)
=245  00$aArchives and records :$bthe journal of the Archives and Records Association.
=246  13$aArchives & records
=264  \1$aAbingdon :$bRoutledge, Taylor & Francis Group,$c2013-
=310  \\$aSemiannual
=336  \\$atext$2rdacontent
=337  \\$acomputer$2rdamedia
=338  \\$aonline resource$2rdacarrier
=362  0\$aVolume 34, issue 1 (2013)-
=500  \\$aSome issues also have distinctive titles.
=500  \\$aTitle from table of contents page (Taylor & Francis Online, viewed March 4, 2014).
=540  \\$aCurrent copyright fee: GBP37.00$c2\0$5Uk
=580  \\$aIncludes issues of earlier title: Journal of the Society of Archivists.
=588  \\$aLatest issue consulted: volume 36, number 2 (2015) (viewed December 22, 2015).
=650  \0$aArchives$zGreat Britain$vPeriodicals.
=650  \0$aArchives$zIreland$vPeriodicals.
=650  \0$aPublic records$zGreat Britain$vPeriodicals.
=650  \0$aPublic records$zIreland$vPeriodicals.
=710  2\$aArchives & Records Association (United Kingdom & Ireland),$eissuing body.
=776  08$iAlso issued in print as:$tArchives and records$x2325-7962
=780  10$aSociety of Archivists (Great Britain).$sJournal of the Society of Archivists (Online)$x1465-3907
=852  41$aBritish Library$bHMNTS$jELD Digital store$3Volume 37:Issue 1(2016)-***Previous issues available in print copy
=852  \\$aBritish Library$bDSC$j1631.166000$3Volume 35:Issue 1(2014)-Volume 38:Issue 2(2017)
=856  40$uhttp://www.tandfonline.com/toc/cjsa21/current
=856  \\$31850-9999$uhttp://www.tandfonline.com/$xBLDSS
=859  \\$aELD$bejournal
=945  \\$aArchives and records
=959  \\$fHeld but not currently received
=979  \\$aBritish Library$bDSC$j1631.166000
=985  \\$aISSN still work record on portal 4/3/14, no 222 added, CS
=ACF  \\$aPrevious copyright fee: GBP24.00$c2\0$e26-feb-2014$fGBP24.00$g0$hP$5Uk
=ACF  \\$aPrevious copyright fee: GBP25.00$c2\0$e01-jan-2015$fGBP25.00$g0$hP$5Uk
=ACF  \\$aPrevious copyright fee: GBP26.00$c2\0$e01-jan-2016$fGBP26.00$g0$hP$5Uk
=ACF  \\$aPrevious copyright fee: GBP28.00$c2\0$e01-jan-2017$fGBP28.00$g0$hP$5Uk
=ACF  \\$aPrevious copyright fee: GBP30.00$c2\0$e01-jan-2018$fGBP30.00$g0$hP$5Uk
=ACF  \\$aPrevious copyright fee: GBP32.00$c2\0$e01-jan-2019$fGBP32.00$g0$hP$5Uk
=ACF  \\$aPrevious copyright fee: GBP34.00$c2\0$e01-jan-2020$fGBP34.00$g0$hP$5Uk
=CAT  \\$a12654$b40$c20140226$lBLL01$h1118
=CAT  \\$a8124$b40$c20140304$lBLL01$h1250
=CAT  \\$aBATCH-UPD$b40$c20141124$lBLL01$h1806
=CAT  \\$aBLDSS-3PM$b00$c20141130$lBLL01$h1251
=CAT  \\$aIPL-CLA$c20141231$lBLL01$h1704
=CAT  \\$aBATCH-UPD$b00$c20151119$lBLL01$h1546
=CAT  \\$a11296$b40$c20151204$lBLL01$h1337
=CAT  \\$a8323$b40$c20151222$lBLL01$h1404
=CAT  \\$aIPL-CLA$c20151231$lBLL01$h1935
=CAT  \\$a8037$b40$c20160122$lBLL01$h0928
=CAT  \\$aBATCH-UPD$b40$c20160805$lBLL01$h1037
=CAT  \\$aBATCH-UPD$b40$c20161122$lBLL01$h1515
=CAT  \\$aIPL-CLA$c20161231$lBLL01$h0016
=CAT  \\$aBATCH-UPD$b00$c20171121$lBLL01$h1650
=CAT  \\$aW1711-1005$c20171206$lBLL01$h1827
=CAT  \\$aIPL-CLA$c20171231$lBLL01$h1823
=CAT  \\$aBATCH-UPD$b00$c20181217$lBLL01$h1641
=CAT  \\$aIPL-CLA$c20181231$lBLL01$h1553
=CAT  \\$aW1811-111$c20190203$lBLL01$h0956
=CAT  \\$aBATCH-UPD$b00$c20191122$lBLL01$h1903
=CAT  \\$aIPL-CLA$c20191231$lBLL01$h2037
=CAT  \\$aBATCH-UPD$b00$c20201118$lBLL01$h1336
=CAT  \\$aIPL-CLA$c20201231$lBLL01$h1533
=CAT  \\$aBATCH-UPD$b00$c20221121$lBLL01$h1350
=CAT  \\$aIPL-CLA$c20221231$lBLL01$h1452
=CAT  \\$a5410$b40$c20230414$lBLL01$h1543
=CFI  0\$aCurrent copyright fee: GBP37.00$c2\0$e01-jan-2023$fGBP37.00$g0$hP$5Uk
=CFI  2\$aPrevious copyright fee: GBP35.00$c2\0$e01-jan-2021$fGBP35.00$g0$hP$5Uk
=EST  \\$a1
=FFP  \\$aY$bBLDSS-3PM
=FIN  \\$aY$d20140304
=FMT  \\$a  SE
=LAS  \\$a5410$b40$c20230414$lBLL01$h1543
=LET  \0$aArchives and records (Online)
=LKR  \\$aPAR$b016518084$lBLL01$nArchives and records (Print)$mArchives and records (Online)$r776
=LKR  \\$aPAR$b013357570$lBLL01$nJournal of the Society of Archivists$mArchives and records$r78000
=MNI  \\$a2325-7962
=TOC  \\$aETOC

