=LDR  04375cas a2200973 i 4500
=001  016637071
=003  Uk
=005  20230506151200.0
=006  m\\\\\\\\d\\\\\\\\
=007  cr\|||||||||||
=008  140227c20149999enkqr\p\s\\\\\0\\\a0eng\\
=015  \\$aGBB608942$2bnb
=022  \\$a2331-253X
=037  \\$aISSN_23312521_21$bPortico$nTaylor & Francis
=040  \\$aUk$beng$cUk$erda
=042  \\$aukblsr
=082  04$a259.4$223
=222  \0$aJournal of disability & religion$b(Online)
=245  00$aJournal of disability & religion.
=264  \1$a[Abingdon] :$bRoutledge,$c2014-
=310  \\$aQuarterly
=336  \\$atext$2rdacontent
=337  \\$acomputer$2rdamedia
=338  \\$aonline resource$2rdacarrier
=362  0\$aVolume 18, issue 1 (2014)-
=500  \\$aTitle from journal contents page (Taylor & Francis Online, viewed March 12, 2014).
=540  \\$aCurrent copyright fee: GBP37.00$c2\0$5Uk
=580  \\$aIncludes issues of earlier titles: Journal of religion in disability & rehabilitation (1994-1998), and: Journal of religion, disability & health (1999-2013).
=650  \0$aChurch work with people with disabilities$vPeriodicals.
=650  \0$aPeople with disabilities$xReligious life$vPeriodicals.
=776  08$iAlso issued in print as:$tJournal of disability & religion$x2331-2521
=780  10$tJournal of religion, disability & health (Online)$x1522-9122
=852  41$aBritish Library$bHMNTS$jELD Digital store$3Volume 20:Number 1/2(2016)-
=852  41$aBritish Library$bDSC$j4969.678000$3Volume 19:Issue 1(2015)-Volume 21:Issue 4(2017)
=856  \\$31850-9999$uhttp://www.tandfonline.com/$xBLDSS
=856  40$uhttp://www.tandfonline.com/loi/wrdh21?open=18&repitition=0#vol_18
=859  \\$aELD$bejournal
=945  \\$aJournal of disability and religion.
=959  \\$fHeld but not currently received
=979  \\$aBritish Library$bDSC$j4969.678000
=985  \\$aISSN still a work record, so therefore no 222 added, MP, 12/3/14.
=ACF  \\$aPrevious copyright fee: GBP24.00$c2\0$e27-feb-2014$fGBP24.00$g0$hP$5Uk
=ACF  \\$aPrevious copyright fee: GBP25.00$c2\0$e01-jan-2015$fGBP25.00$g0$hP$5Uk
=ACF  \\$aPrevious copyright fee: GBP26.00$c2\0$e01-jan-2016$fGBP26.00$g0$hP$5Uk
=ACF  \\$aPrevious copyright fee: GBP28.00$c2\0$e01-jan-2017$fGBP28.00$g0$hP$5Uk
=ACF  \\$aPrevious copyright fee: GBP30.00$c2\0$e01-jan-2018$fGBP30.00$g0$hP$5Uk
=ACF  \\$aPrevious copyright fee: GBP32.00$c2\0$e01-jan-2019$fGBP32.00$g0$hP$5Uk
=ACF  \\$aPrevious copyright fee: GBP34.00$c2\0$e01-jan-2020$fGBP34.00$g0$hP$5Uk
=CAT  \\$a12654$b40$c20140227$lBLL01$h0932
=CAT  \\$a5997$b40$c20140312$lBLL01$h1340
=CAT  \\$aBATCH-UPD$b40$c20141124$lBLL01$h1806
=CAT  \\$aBLDSS-3PM$b00$c20141130$lBLL01$h1251
=CAT  \\$aIPL-CLA$c20141231$lBLL01$h1704
=CAT  \\$aBATCH-UPD$b00$c20151119$lBLL01$h1546
=CAT  \\$aIPL-CLA$c20151231$lBLL01$h1935
=CAT  \\$a8483$b40$c20160119$lBLL01$h1011
=CAT  \\$aWR16_048$c20160322$lBLL01$h1614
=CAT  \\$aBATCH-UPD$b00$c20160620$lBLL01$h0228
=CAT  \\$aBATCH-UPD$b00$c20161122$lBLL01$h1515
=CAT  \\$aIPL-CLA$c20161231$lBLL01$h0016
=CAT  \\$a10983$b40$c20170222$lBLL01$h1201
=CAT  \\$aBATCH-UPD$b40$c20171121$lBLL01$h1650
=CAT  \\$aW1711-1005$c20171206$lBLL01$h1827
=CAT  \\$aIPL-CLA$c20171231$lBLL01$h1823
=CAT  \\$aBATCH-UPD$b00$c20181217$lBLL01$h1641
=CAT  \\$aIPL-CLA$c20181231$lBLL01$h1553
=CAT  \\$aW1811-111$c20190203$lBLL01$h0956
=CAT  \\$aBATCH-UPD$b00$c20191122$lBLL01$h1903
=CAT  \\$aIPL-CLA$c20191231$lBLL01$h2037
=CAT  \\$aBATCH-UPD$b00$c20201118$lBLL01$h1336
=CAT  \\$aIPL-CLA$c20201231$lBLL01$h1533
=CAT  \\$aBATCH-UPD$b00$c20221121$lBLL01$h1350
=CAT  \\$aIPL-CLA$c20221231$lBLL01$h1452
=CAT  \\$a5410$b40$c20230506$lBLL01$h1512
=CFI  0\$aCurrent copyright fee: GBP37.00$c2\0$e01-jan-2023$fGBP37.00$g0$hP$5Uk
=CFI  2\$aPrevious copyright fee: GBP35.00$c2\0$e01-jan-2021$fGBP35.00$g0$hP$5Uk
=EST  \\$a1
=FFP  \\$aY$bBLDSS-3PM
=FIN  \\$aY$d20140312
=FMT  \\$a  SE
=LAS  \\$a5410$b40$c20230506$lBLL01$h1512
=LKR  \\$aPAR$b015509034$lBLL01$nJournal of religion, disability & health (Online)$mJournal of disability & religion (Online)$r78010
=MNI  \\$a2331-2521
=TOC  \\$aETOC

