=LDR  04401cas a2200973 i 4500
=001  016637980
=003  Uk
=005  20230412144112.0
=006  m\\\\\\\\d\\\\\\\\
=007  cr||||||||||||
=008  140228c19419999enkqr\p\s\\\\\0\\\a0eng\\
=015  \\$aGBB623207$2bnb
=022  \\$a2165-5456
=037  \\$aISSN_0371750X$bPortico$nTaylor & Francis
=040  \\$aUk$beng$cUk$erda
=042  \\$aukblsr
=082  04$a666.306254$223
=245  00$aTransactions of the Indian Ceramic Society.
=264  \1$a[Abingdon] :$bTaylor & Francis and co-published with the Indian Ceramic Society
=310  \\$aQuarterly
=336  \\$atext$2rdacontent
=337  \\$acomputer$2rdamedia
=338  \\$aonline resource$2rdacarrier
=362  1\$aPrint began with: Vol. 1 (Sept, 1941).
=540  \\$aCurrent copyright fee: GBP43.00$c2\0$5Uk
=588  \\$aDescription based on: volume 50, issue 1 (1991); title from journal contents page (Taylor & Francis Online, viewed March 12, 2014).
=588  \\$aLatest issue consulted: Volume 74, issue 4 (2015).
=650  \0$aPottery$zIndia$xPeriodicals.
=710  2\$aIndian Ceramic Society,$eissuing body.
=776  08$iAlso issued in print as:$tTransactions of the Indian Ceramic Society$x0371-750X
=852  41$aBritish Library$bHMNTS$jELD Digital store$3Volume 75:Issue 1(2016)-***Previous issues available in print copy
=852  41$aBritish Library$bDSC$j8937.000000$3Volume 73:Issue 1(2014)-Volume 76:Issue 4(2017)
=856  \\$31850-9999$uhttp://www.tandfonline.com/$xBLDSS
=856  40$uhttp://www.tandfonline.com/toc/tcer20/50/1
=856  40$uhttp://tandfonline.com/toc/tcer20/current
=859  \\$aELD$bejournal
=945  \\$aTransactions- Indian ceramic society.
=959  \\$fHeld but not currently received
=979  \\$aBritish Library$bDSC$j8937.000000
=985  \\$aISSN still work record, so therefore no 222 add, MP, 12/3/14, and as of 15.2.16.
=ACF  \\$aPrevious copyright fee: GBP28.00$c2\0$e28-feb-2014$fGBP28.00$g0$hP$5Uk
=ACF  \\$aPrevious copyright fee: GBP30.00$c2\0$e01-jan-2015$fGBP30.00$g0$hP$5Uk
=ACF  \\$aPrevious copyright fee: GBP34.00$c2\0$e01-jan-2016$fGBP34.00$g0$hP$5Uk
=ACF  \\$aPrevious copyright fee: GBP31.00$c2\0$e01-apr-2016$fGBP31.00$g0$hP$5Uk
=ACF  \\$aPrevious copyright fee: GBP33.00$c2\0$e01-jan-2017$fGBP33.00$g0$hP$5Uk
=ACF  \\$aPrevious copyright fee: GBP35.00$c2\0$e01-jan-2018$fGBP35.00$g0$hP$5Uk
=ACF  \\$aPrevious copyright fee: GBP37.00$c2\0$e01-jan-2019$fGBP37.00$g0$hP$5Uk
=ACF  \\$aPrevious copyright fee: GBP39.00$c2\0$e01-jan-2020$fGBP39.00$g0$hP$5Uk
=CAT  \\$a8055$b40$c20140228$lBLL01$h1234
=CAT  \\$aBLDSS-3PM$b00$c20141130$lBLL01$h1251
=CAT  \\$aIPL-CLA$c20141231$lBLL01$h1704
=CAT  \\$aBATCH-UPD$b00$c20151119$lBLL01$h1536
=CAT  \\$a8411$b40$c20151209$lBLL01$h1026
=CAT  \\$aIPL-CLA$c20151231$lBLL01$h1935
=CAT  \\$a14448$b40$c20160120$lBLL01$h1148
=CAT  \\$a10973$b40$c20160215$lBLL01$h1606
=CAT  \\$a5552$b40$c20160304$lBLL01$h0826
=CAT  \\$aIPL-CLA$c20160331$lBLL01$h1815
=CAT  \\$aBATCH-UPD$b00$c20160620$lBLL01$h0228
=CAT  \\$aBATCH-UPD$b00$c20161122$lBLL01$h1506
=CAT  \\$aIPL-CLA$c20161231$lBLL01$h0016
=CAT  \\$aBATCH-UPD$b00$c20171121$lBLL01$h1656
=CAT  \\$aW1711-1005$c20171206$lBLL01$h1827
=CAT  \\$aIPL-CLA$c20171231$lBLL01$h1823
=CAT  \\$aBATCH-UPD$b00$c20181217$lBLL01$h1645
=CAT  \\$aIPL-CLA$c20181231$lBLL01$h1553
=CAT  \\$aW1811-111$c20190203$lBLL01$h0956
=CAT  \\$aBATCH-UPD$b00$c20191122$lBLL01$h1907
=CAT  \\$aIPL-CLA$c20191231$lBLL01$h2037
=CAT  \\$aBATCH-UPD$b00$c20201118$lBLL01$h1342
=CAT  \\$aIPL-CLA$c20201231$lBLL01$h1533
=CAT  \\$aBATCH-UPD$b00$c20221121$lBLL01$h1341
=CAT  \\$aIPL-CLA$c20221231$lBLL01$h1452
=CAT  \\$a5410$b40$c20230412$lBLL01$h1441
=CFI  0\$aCurrent copyright fee: GBP43.00$c2\0$e01-jan-2023$fGBP43.00$g0$hP$5Uk
=CFI  2\$aPrevious copyright fee: GBP41.00$c2\0$e01-jan-2021$fGBP41.00$g0$hP$5Uk
=EST  \\$a1
=FFP  \\$aY$bBLDSS-3PM
=FIN  \\$aY$d20140312
=FMT  \\$a  SE
=LAS  \\$a5410$b40$c20230412$lBLL01$h1441
=LKR  \\$aPAR$b011140742$lBLL01$nTransactions of the Indian Ceramic Society (Print)$mTransactions of the Indian Ceramic Society (Online)$r776
=MNI  \\$a0371-750X
=TOC  \\$aETOC

