=LDR  05527cas a2201213 a 4500
=001  016641484
=003  Uk
=005  20230411104242.0
=006  m\\\\\o\\d\\\\\\\\
=007  cr\|||||||||||
=008  070228c19699999enkqx\pso\\\\\0\\\a0eng\d
=015  \\$aGBB640236$2bnb
=022  \\$a1726-1686
=037  \\$aISSN_02582473$bPortico$nTaylor & Francis
=040  \\$aUk$beng$cUk$dUk
=041  0\$aeng$aafr
=042  \\$aukblsr
=043  \\$af-sa---
=050  \4$aDT766$b.S585
=082  04$a968$223
=130  0\$aSouth African historical journal (Online)
=222  \0$aSouth African Historical Journal$b(Online)
=245  10$aSouth African historical journal$h[electronic resource] =$bSuid-Afrikaanse historiese joernaal /$cThe South African Historical Society.
=246  31$aSuid-Afrikaanse historiese joernaal
=246  14$aSAHJ$f<May 1997>-May 1999
=260  \\$aBloemfontein :$bDie Vereniging
=264  31$a[Abingdon] :$bRoutledge
=310  \\$aFour issues yearly,$b2008-
=321  \\$aThree times a year,$b2007
=321  \\$aSemiannual,$b1990-2006
=321  \\$aAnnual,$b1969-1989
=336  \\$atext$2rdacontent
=337  \\$acomputer$2rdamedia
=338  \\$aonline resource$2rdacarrier
=362  1\$aPrint began with Nr. 1 (Nov. 1969).
=500  \\$aCo-published with UNISA Press.
=540  \\$aCurrent copyright fee: GBP37.00$c2\0$5Uk
=546  \\$aAfrikaans and English; summaries in English, 1969-<1999>.
=550  \\$a"Produced by the University of South Africa," 1990-1999.
=555  \\$aNo. 31 (1994)-40 (1999), in no. 42.
=580  \\$a"Incorporates Journal of Natal and Zulu history" (Online), 2022-.
=588  \\$aDescription based on print version record.
=588  \\$aLatest issue consulted: volume 68, issue 1 (2016) (Taylor & Francis Online, viewed March 21, 2016).
=650  \0$aHistory$vPeriodicals.
=651  \0$aSouth Africa$xHistory$vPeriodicals.
=710  2\$aSouth African Historical Society.
=710  2\$aUniversity of South Africa.
=776  08$iAlso issued in print as:$tSouth African historical journal$x0258-2473
=780  05$tJournal of Natal and Zulu history$x2521-8875
=852  41$aBritish Library$bHMNTS$jELD Digital store$3Volume 68:Issue 1(2016)-
=852  41$aBritish Library$bDSC$j8338.150000$3Volume 66:Issue 1(2014)-Volume 69:Issue 4(2017)
=856  \\$31850-9999$uhttp://www.tandfonline.com/$xBLDSS
=856  40$uhttp://rzblx1.uni-regensburg.de/ezeit/warpto.phtml?colors=7&jour%5Fid=37024
=856  40$uhttp://www.tandfonline.com/loi/rshj20?open=65&repitition=0#vol_65
=859  \\$aELD$bejournal
=945  \\$aSouth African historical journal.
=959  \\$fHeld but not currently received
=979  \\$aBritish Library$bDSC$j8338.150000
=985  \\$aRecord appears to be derived in 2014 but 040 not retained. Revisions in the record mean it no longer matches a particular OCLC record. Cataloguing further revised - SF 21/3/2016 to allow print and online to be equivalent and follow ISSN records.
=ACF  \\$aPrevious copyright fee: GBP24.00$c2\0$e03-mar-2014$fGBP24.00$g0$hP$5Uk
=ACF  \\$aPrevious copyright fee: GBP25.00$c2\0$e01-jan-2015$fGBP25.00$g0$hP$5Uk
=ACF  \\$aPrevious copyright fee: GBP26.00$c2\0$e01-jan-2016$fGBP26.00$g0$hP$5Uk
=ACF  \\$aPrevious copyright fee: GBP28.00$c2\0$e01-jan-2017$fGBP28.00$g0$hP$5Uk
=ACF  \\$aPrevious copyright fee: GBP30.00$c2\0$e01-jan-2018$fGBP30.00$g0$hP$5Uk
=ACF  \\$aPrevious copyright fee: GBP32.00$c2\0$e01-jan-2019$fGBP32.00$g0$hP$5Uk
=ACF  \\$aPrevious copyright fee: GBP34.00$c2\0$e01-jan-2020$fGBP34.00$g0$hP$5Uk
=CAT  \\$a12654$b40$c20140303$lBLL01$h1428
=CAT  \\$aIPL-CLA$c20141231$lBLL01$h1704
=CAT  \\$aBATCH-UPD$b00$c20151119$lBLL01$h1546
=CAT  \\$a8411$b40$c20151214$lBLL01$h1150
=CAT  \\$aIPL-CLA$c20151231$lBLL01$h1935
=CAT  \\$a14448$b40$c20160130$lBLL01$h1052
=CAT  \\$a11316$b40$c20160321$lBLL01$h1035
=CAT  \\$a11316$b40$c20160321$lBLL01$h1100
=CAT  \\$a11316$b40$c20160321$lBLL01$h1404
=CAT  \\$aBATCH-UPD$b40$c20160604$lBLL01$h1007
=CAT  \\$aBATCH-UPD$b40$c20161122$lBLL01$h1515
=CAT  \\$aIPL-CLA$c20161231$lBLL01$h0016
=CAT  \\$aBATCH-UPD$b00$c20171121$lBLL01$h1650
=CAT  \\$aW1711-1005$c20171206$lBLL01$h1827
=CAT  \\$aIPL-CLA$c20171231$lBLL01$h1823
=CAT  \\$aBATCH-UPD$b00$c20181217$lBLL01$h1641
=CAT  \\$aIPL-CLA$c20181231$lBLL01$h1553
=CAT  \\$aW1811-111$c20190203$lBLL01$h0956
=CAT  \\$aBATCH-UPD$b00$c20191122$lBLL01$h1903
=CAT  \\$aIPL-CLA$c20191231$lBLL01$h2037
=CAT  \\$aBATCH-UPD$b00$c20201118$lBLL01$h1336
=CAT  \\$aIPL-CLA$c20201231$lBLL01$h1533
=CAT  \\$a11205$b40$c20221109$lBLL01$h1648
=CAT  \\$aBATCH-UPD$b40$c20221121$lBLL01$h1350
=CAT  \\$aIPL-CLA$c20221231$lBLL01$h1452
=CAT  \\$a5410$b40$c20230411$lBLL01$h1042
=CFI  0\$aCurrent copyright fee: GBP37.00$c2\0$e01-jan-2023$fGBP37.00$g0$hP$5Uk
=CFI  2\$aPrevious copyright fee: GBP35.00$c2\0$e01-jan-2021$fGBP35.00$g0$hP$5Uk
=EST  \\$a1
=FFP  \\$aY$bBLDSS-3PM
=FIN  \\$aY$d20140311
=FMT  \\$a  SE
=LAS  \\$a5410$b40$c20230411$lBLL01$h1042
=LKR  \\$aPAR$b009880776$lBLL01$nSouth African historical journal (Print)$mSouth African historical journal (Online)$r776
=LKR  \\$aPAR$b019620784$lBLL01$nJournal of Natal and Zulu history$mSouth African historical journal$r78005
=MNI  \\$a0258-2473
=SID  \\$aZ39$bOCLC
=TOC  \\$aETOC

