=LDR  03446cas a2200757 i 4500
=001  016646403
=003  Uk
=005  20210927093440.0
=007  ta
=008  140306c20149999iluqr\p\\\\\\\0\\\a0eng\\
=022  0\$a2333-0384
=040  \\$aUk$beng$cUk$erda
=042  \\$aukblsr
=082  04$a617.52$223
=245  00$aJournal of oral & facial pain and headache.
=246  3\$aJournal of oral and facial pain and headache
=264  \1$aHanover Park, Illinois :$bQuintessence Publishing Coo, Inc,$c2014-
=300  \\$billustrations (black and white, and colour) ;$c28 cm
=310  \\$aQuarterly
=336  \\$atext$2rdacontent
=337  \\$aunmediated$2rdamedia
=338  \\$avolume$2rdacarrier
=362  0\$aVolume 28, number 1 (2014)-
=540  \\$aCurrent Copyright Fee: GBP20.00$c91\0$5Uk
=550  \\$aOfficial journal of the American Academy of Orofacial Pain, Asian Academy of Craniomandibular Disorders, Australian and New Zealand Academy of Orofacial Pain, European Academy of Craniomandibular Disorders, and Ibero-Latin American Academy of Craniomandibular Disorders.
=650  \0$aFacial pain$vPeriodicals.
=650  \0$aHeadache$vPeriodicals.
=650  \0$aFacial pain$xTreatment$vPeriodicals.
=650  \0$aHeadache$xTreatment$vPeriodicals.
=710  2\$aAmerican Academy of Orofacial Pain,$eissuing body.
=710  2\$aAsian Academy of Craniomandibular Disorders,$eissuing body.
=710  2\$aAustralian & New Zealand Academy of Orofacial Pain,$eissuing body.
=710  2\$aEuropean Academy of Craniomandibular Disorders,$eissuing body.
=710  2\$aAcademia Ibero-Latinoamericana de Disfunción Cráneo-mandibular y Dolor Facial,$eissuing body.
=776  08$iAlso issued online as:$tJournal of oral & facial pain and headache$x2333-0376
=780  00$tJournal of orofacial pain$x1064-6655
=852  11$aBritish Library$bSTI$k(P)$h617.52$mE(1)$3Vol.28, no.1(2014)-[2022]
=852  41$aBritish Library$bDSC$j5026.383500$3Vol. 28, no. 1 (2014)-v. 35, no. 4 (2021)
=852  11$aBritish Library$bSTI$k(P)$h617.52$m-E(1)$3Volume 28 Number 1 (2014)-vol. 35 no. 4 (2021)
=856  \\$31850-9999$uhttp://www.quintpub.co.uk/$xBLDSS
=945  \\$aJournal of oral and facial pain and headache.
=959  \\$fHeld but not currently received
=985  \\$aISSN work record, so therefore no 222 added, MP, 13/3/14.
=CAT  \\$a8335$b40$c20140306$lBLL01$h1403
=CAT  \\$a8335$b40$c20140306$lBLL01$h1408
=CAT  \\$a8335$b40$c20140306$lBLL01$h1409
=CAT  \\$a5997$b40$c20140313$lBLL01$h1105
=CAT  \\$a5997$b40$c20140313$lBLL01$h1119
=CAT  \\$a5997$b40$c20140313$lBLL01$h1128
=CAT  \\$a8871$b40$c20140314$lBLL01$h1658
=CAT  \\$a8871$b40$c20140314$lBLL01$h1713
=CAT  \\$aBATCH-UPD$b40$c20140317$lBLL01$h2053
=CAT  \\$a8335$b40$c20140319$lBLL01$h1051
=CAT  \\$aBLDSS-3PM$b00$c20150131$lBLL01$h2315
=CAT  \\$a5508$b40$c20150728$lBLL01$h1439
=CAT  \\$aBATCH-UPD$b40$c20160524$lBLL01$h2301
=CAT  \\$aBATCH-UPD$b40$c20160525$lBLL01$h0655
=CAT  \\$a6558$b40$c20210927$lBLL01$h0934
=CFI  0\$aCurrent Copyright Fee: GBP20.00$c91\0$e19-mar-2014$fGBP20.00$g0$hP$5Uk
=FFP  \\$aY$bBLDSS-3PM
=FIN  \\$aY$d20140313
=FMT  \\$a  SE
=LAS  \\$a6558$b40$c20210927$lBLL01$h0934
=LKR  \\$aPAR$b010491299$lBLL01$nJournal of orofacial pain$mJournal of oral & facial pain and headache$r78000
=TOC  \\$aETOC
=UNO  \\$aY

