=LDR  02458 as a2200661 i 4500
=001  016657509
=003  Uk
=005  20210216140307.0
=007  ta
=008  140204c20139999nyuqr\p\\\\\\\0\\\a0eng\d
=022  \\$a2329-0196
=035  \\$a(OCoLC)870324934
=040  \\$aYOU$beng$cYOU$dMUU$dUk$erda
=042  \\$aukblsr
=050  14$aHG4501$b.P73
=082  04$a332.605$223
=222  \0$aPractical applications of institutional investor journals$b(Online)
=245  00$aPractical applications.
=246  10$aPA
=246  13$aPractical applications of institutional investor journals
=264  \1$aNew York, NY :$bInstitutional Investor LLC,$c2013-
=264  31$aNew York :$bPageant Media
=300  \\$billustrations (colour) ;$c28 cm
=310  \\$aQuarterly
=336  \\$atext$btxt$2rdacontent
=337  \\$aunmediated$bn$2rdamedia
=338  \\$avolume$bnc$2rdacarrier
=362  0\$aVolume 1, no. 1 (2013)-
=500  \\$a"Institutional Investor journals."
=500  \\$aTitle from cover.
=540  \\$aCurrent Copyright Fee: GBP30.00$c0$5Uk
=588  \\$aDescription based on: Vol. 1, no. 2 (2013).
=588  \\$aLatest issue consulted: volume 6, number 1 (summer 2018).
=650  \0$aInvestments$vPeriodicals.
=650  \0$aFinance$vPeriodicals.
=690  7\$aManagement and Business Studies$2blcoll
=772  0\$tJournal of portfolio management$x0095-4918
=776  08$iAlso issued online as:$tPractical applications$x2329-020X
=852  41$aBritish Library$bDSC$j6593.963130$3Vol. 1, no. 2 (2013)-v. 6, no. 2 (2018)
=945  \\$aPractical applications.
=959  \\$fHeld but not currently received
=985  \\$aNo 222, ISSN still work record on portal, CS 25/3/14
=CAT  \\$a8124$b40$c20140325$lBLL01$h1009
=CAT  \\$a8124$b40$c20140325$lBLL01$h1011
=CAT  \\$a8124$b40$c20140326$lBLL01$h0744
=CAT  \\$a8335$b40$c20140326$lBLL01$h1318
=CAT  \\$a8335$b40$c20140326$lBLL01$h1319
=CAT  \\$aBATCH-MBS$c20140404$lBLL01$h2136
=CAT  \\$aBATCH-UPD$b00$c20150824$lBLL01$h0910
=CAT  \\$a8483$b40$c20180817$lBLL01$h0859
=CAT  \\$a6558$b40$c20210216$lBLL01$h1403
=CFI  0\$aCurrent Copyright Fee: GBP30.00$c0$e26-mar-2014$fGBP30.00$g0$hC$5Uk
=FIN  \\$aY$d20140325
=FMT  \\$a  SE
=LAS  \\$a6558$b40$c20210216$lBLL01$h1403
=LKR  \\$aPAR$b010491644$lBLL01$r772$mPractical applications.$nJournal of portfolio management
=SID  \\$aZ39$bOCLC
=TOC  \\$aETOC

