=LDR  02964cas a2200745 i 4500
=001  016680155
=003  Uk
=005  20191231203759.0
=006  m\\\\\\\\d\|\\\\\\
=007  cr||||||||||||
=008  140404c20159999enkuu\p\o\\\\\0\\\a0eng\\
=022  0\$a2055-4877
=037  \\$aISSN_20554877$bPortico$nWiley
=040  \\$aUk$beng$cUk$erda
=042  \\$aukblsr
=082  04$a552.5$223
=222  \4$aThe depositional record
=245  04$aThe depositional record :$ba journal of biological, physical and geochemical sedimentary processes.
=264  \1$a[Hoboken, N.J.?] :$bWiley,$c2015-
=336  \\$atext$2rdacontent
=337  \\$acomputer$2rdamedia
=338  \\$aonline resource$2rdacarrier
=362  0\$aVolume 1, number 1 (June 2015)-
=500  \\$aTitle from front cover PDF (Wiley Online Library, viewed September 17, 2015).
=540  \\$aCurrent Copyright Fee: zero$c35\0$5Uk
=650  \0$aSediments (Geology)$vPeriodicals.
=650  \0$aSedimentology$vPeriodicals.
=650  \0$aSedimentation and deposition$vPeriodicals.
=710  2\$aInternational Association of Sedimentologists,$eissuing body.
=852  41$aBritish Library$bHMNTS$jELD Digital store$3Volume 1:Number 1(2015)-
=856  \\$31850-9999$uhttp://onlinelibrary.wiley.com/$xBLDSS
=856  40$uhttp://onlinelibrary.wiley.com/journal/10.1002/(ISSN)2055-4877
=859  \\$aELD$bejournal
=945  \\$aDepositional record.
=979  \\$aBritish Library$bDSC$j3554.578500N
=985  \\$aISSN transferred to United States Center ahead of completion, as published by John Wiley (multinational publisher agreement), September 7 2015.
=CAT  \\$a11313$b40$c20140404$lBLL01$h1203
=CAT  \\$a11384$b40$c20150126$lBLL01$h1607
=CAT  \\$aBATCH-CLA$b00$c20150529$lBLL01$h1528
=CAT  \\$aIPL-CLA$c20150630$lBLL01$h1722
=CAT  \\$aBATCH-CLA$b00$c20150828$lBLL01$h1542
=CAT  \\$a11313$b40$c20150907$lBLL01$h1133
=CAT  \\$a10806$b40$c20150917$lBLL01$h1103
=CAT  \\$a10806$b40$c20150917$lBLL01$h1106
=CAT  \\$aIPL-CLA$c20150930$lBLL01$h1851
=CAT  \\$aBATCH-CLA$b00$c20151127$lBLL01$h1630
=CAT  \\$aWR15058$c20151230$lBLL01$h1441
=CAT  \\$a11313$b40$c20160314$lBLL01$h0746
=CAT  \\$aW1711-1005$c20171206$lBLL01$h1827
=CAT  \\$a5552$b40$c20190711$lBLL01$h1346
=CAT  \\$a5552$b40$c20190712$lBLL01$h0805
=CAT  \\$aBLDSS-3PM$b00$c20190717$lBLL01$h1521
=CAT  \\$aBATCH-UPD$b00$c20190717$lBLL01$h1521
=CAT  \\$a5410$b40$c20190731$lBLL01$h1146
=CAT  \\$aR1911-0245$c20191127$lBLL01$h1037
=CAT  \\$aIPL-CLA$c20191231$lBLL01$h2037
=CFI  0\$aCurrent Copyright Fee: zero$c35\0$e01-jan-2020$fGBP0.00$g0$hP$5Uk
=CFI  2\$aPrevious copyright fee: GBP28.00$c35\0$e12-jul-2019$fGBP28.00$g0$hP$5Uk
=FFP  \\$aY$bBLDSS-3PM
=FIN  \\$aY$d20150917
=FMT  \\$a  SE
=LAS  \\$aIPL-CLA$b00$c20191231$lBLL01$h2037
=MNI  \\$a2055-4877
=TOC  \\$aETOC
=UNO  \\$aY

