=LDR  03297cas a2200673 i 4500
=001  016735855
=003  Uk
=005  20230302094546.0
=007  ta
=008  140605c20129999ii\fr\p\\\\\\\0\\\a0eng\\
=022  0\$y2250-2122
=040  \\$aUk$beng$cUk$erda
=042  \\$aukblsr
=082  04$a622.05$223
=245  00$aJournal of the institution of engineers (India).$nSeries D,$pMetallurgical & materials engineering, Mining engineering.
=246  3\$aJournal of the institution of engineers (India).$nSeries D,$pMetallurgical and materials enigneering, Mining engineering
=246  18$aJournal of the institution of engineers (India). Series D
=246  30$aMetallurgical & materials enigneering, Mining engineering
=264  \1$aKolkata :$bCo-published by the Institution of Engineers (India) and Springer (India) Private Limited,$c2012-
=300  \\$billustrations (black and white) ;$c28 cm
=310  \\$aSemiannual
=336  \\$atext$2rdacontent
=337  \\$aunmediated$2rdamedia
=338  \\$avolume$2rdacarrier
=362  0\$aVolume 93, issue 1 (April/September 2012)-
=540  \\$aCurrent copyright fee: GBP29.95$c22\1$5Uk
=650  \0$aMining engineering$vPeriodicals.
=650  \0$aMetallurgy$vPeriodicals.
=650  \0$aMaterials$vPeriodicals.
=710  2\$aInstitution of Engineers (India),$eissuing body.
=776  08$iAlso issued online as:$tJournal of The Institution of Engineers (India): Series D. Metallurgical and materials enigneering, Mining engineering
=780  04$tJournal of the Institution of Engineers (India). Metallurgy & Material Science Division$x0257-4411
=780  04$tJournal of the Institution of Engineers (India). Part MN, Mining Engineering Division
=852  11$aBritish Library$bSTI$k(P)$h622$m-E(5)
=856  \\$31850-9999$uhttp://link.springer.com/$xBLDSS
=945  \\$aJournal - Institution of engineers India Series D
=979  \\$aBritish Library$bDSC$j4794.375000
=985  \\$aISSNs still Work on portal
=ACF  \\$aPrevious Copyright Fee: GBP29.95$c0$e01-oct-2014$fGBP29.95$g0$hC$5Uk
=CAT  \\$a8124$b40$c20140605$lBLL01$h1426
=CAT  \\$a8124$b40$c20140605$lBLL01$h1427
=CAT  \\$a8124$b40$c20140605$lBLL01$h1429
=CAT  \\$aBATCH-CLA$b00$c20140829$lBLL01$h1547
=CAT  \\$aIPL-CLA$c20140930$lBLL01$h1638
=CAT  \\$a5552$b40$c20210624$lBLL01$h1121
=CAT  \\$aBLDSS-3PM$b00$c20210708$lBLL01$h0857
=CAT  \\$aBATCH-UPD$b00$c20210708$lBLL01$h0902
=CAT  \\$aBATCH-UPD$b00$c20221121$lBLL01$h1406
=CAT  \\$aIPL-CLA$c20221231$lBLL01$h2328
=CAT  \\$a8250$b40$c20230302$lBLL01$h0945
=CFI  0\$aCurrent copyright fee: GBP29.95$c22\1$e01-jan-2023$fGBP29.95$g0$hP$5Uk
=CFI  2\$aPrevious copyright fee: GBP34.00$c22\1$e01-jul-2018$fGBP34.00$g0$hP$5Uk
=FFP  \\$aY$bBLDSS-3PM
=FIN  \\$aY$d20140605
=FMT  \\$a  SE
=LAS  \\$a8250$b40$c20230302$lBLL01$h0945
=LKR  \\$aPAR$b010485654$lBLL01$nJournal of the Institution of Engineers (India).Metallurgy & Material Science Division$mJournal of the institution of engineers (India).Series D,$r78004
=LKR  \\$aPAR$b010485656$lBLL01$nJournal of the Institution of Engineers (India).Part MN, Mining Engineering Division$mJournal of the institution of engineers (India).Series D,$r78004
=UNO  \\$aY

