=LDR  02812cas a2200601 i 4500
=001  016748614
=003  Uk
=005  20140703152111.0
=006  m\\\\\|\\d\|\\\\\\
=007  cr\|||||||||||
=008  140625c200u9999enkar\\\os\\\\0\\\a0eng\\
=015  \\$aGBB466980$2bnb
=040  \\$aUk$beng$cUk$erda
=042  \\$aukblsr
=082  04$a338.476691420994021$223
=245  00$a[International steel statistics].$p[Australia].
=264  \1$a[London] :$b[ISSB Ltd]
=310  \\$aAnnual
=336  \\$atext$2rdacontent
=337  \\$acomputer$2rdamedia
=338  \\$aonline resource$2rdacarrier
=490  0\$a[Country book series]
=505  0\$aAustralia exports -- Australia imports -- Australia P&AC.
=588  \\$aDescription based on: December 2009 issue (in Excel zip file, sent June 19, 2014); title and series statement based on print version record.
=588  \\$aLatest issue consulted: December 2012 (sent June 19, 2014).
=650  \0$aSteel industry and trade$zAustralia$vStatistics$vPeriodicals.
=650  \0$aExports$zAustralia$vStatistics$vPeriodicals.
=650  \0$aImports$zAustralia$vStatistics$vPeriodicals.
=690  7\$aManagement and Business Studies$2blcoll
=710  2\$aISSB (Great Britain),$eissuing body.
=776  08$iPrint version, -2008?:$tInternational steel statistics. Australia$x0961-2904
=852  41$aBritish Library$bSTI$jELD Digital store$3(2009) Exports-(2018)P&AC
=856  4\$uhttp://www.issb.co.uk/Publications.html$zTo subscribe
=859  \\$aELD$bejournal
=985  \\$aUnsure whether print has ceased -still avdertised on web site; last print 2008, Excel also sent for 2008; decision made by CC to take his word for it. Sent in a zip file with other countries (4a & 4b; 4b to be done separately). ISSN not assigned - as are spreadsheets with no overall title (1-3 per country). Discussed with VD - can always be added later.
=CAT  \\$a3072$b40$c20140625$lBLL01$h1616
=CAT  \\$a3072$b40$c20140625$lBLL01$h1617
=CAT  \\$a3072$b40$c20140626$lBLL01$h1403
=CAT  \\$a3072$b40$c20140701$lBLL01$h1710
=CAT  \\$a3072$b40$c20140701$lBLL01$h1716
=CAT  \\$a3072$b40$c20140701$lBLL01$h1725
=CAT  \\$a3072$b40$c20140703$lBLL01$h0951
=CAT  \\$a3072$b40$c20140703$lBLL01$h1118
=CAT  \\$a3072$b40$c20140703$lBLL01$h1157
=CAT  \\$a3072$b40$c20140703$lBLL01$h1521
=CAT  \\$aWR15_120$c20150910$lBLL01$h1828
=CAT  \\$aBATCH-MBS$c20150918$lBLL01$h2047
=CAT  \\$aW1711-1005$c20171206$lBLL01$h1827
=FIN  \\$aY$d20140703
=FMT  \\$a  SE
=LAS  \\$aW1711-1005$b00$c20171206$lBLL01$h1827
=LET  \0$aInternational steel statistics. Australia (Excel)
=LKR  \\$aPAR$b012479010$lBLL01$r776$mInternational steel statistics. Australia (Online)$nInternational steel statistics. Australia (Print)

