=LDR  03077 as a2200637 i 4500
=001  016748966
=003  Uk
=005  20180125151824.0
=006  m\\\\\|\\d\|\\\\\\
=007  cr\|||||||||||
=008  140625d200u2015enkar\\\os\\\\0\\\a0eng\\
=015  \\$aGBB466991$2bnb
=040  \\$aUk$beng$cUk$dUk$erda
=042  \\$aukblsr
=082  04$a338.4766914209493021$223
=245  00$a[International steel statistics].$p[Belgium-Luxembourg].
=264  \1$a[London] :$b[ISSB Ltd]
=310  \\$aAnnual
=336  \\$atext$2rdacontent
=337  \\$acomputer$2rdamedia
=338  \\$aonline resource$2rdacarrier
=362  1\$aCeased with 2015.
=490  0\$a[Country book series]
=505  0\$aBelgium-Luxembourg exports -- Belgium-Luxembourg imports -- BelLux P&AC.
=588  \\$aDescription based on: December 2009 issue (in Excel zip file, sent June 19, 2014); title and series statement based on print version record.
=588  \\$aLatest issue consulted: December 2012 (sent June 19, 2014).
=650  \0$aSteel industry and trade$zBelgium$vStatistics$vPeriodicals.
=650  \0$aExports$zBelgium$vStatistics$vPeriodicals.
=650  \0$aImports$zBelgium$vStatistics$vPeriodicals.
=650  \0$aSteel industry and trade$zLuxembourg$vStatistics$vPeriodicals.
=650  \0$aExports$zLuxembourg$vStatistics$vPeriodicals.
=650  \0$aImports$zLuxembourg$vStatistics$vPeriodicals.
=690  7\$aManagement and Business Studies$2blcoll
=710  2\$aISSB (Great Britain),$eissuing body.
=776  08$iPrint version, -2008?:$tInternational steel statistics. Belgium-Luxembourg$x0952-5858
=785  06$t[International steel statistics]. Belgium
=785  06$t[International steel statistics]. Luxembourg
=852  41$aBritish Library$bSTI$jELD Digital store$3(2009) Exports-(2015)P&AC
=856  4\$uhttp://www.issb.co.uk/Publications.html$zTo subscribe
=859  \\$aELD$bejournal
=985  \\$aUnsure whether print has ceased -still avdertised on web site; last print 2008, Excel also sent for 2008; decision made by CC to take his word for it. Sent in a zip file with other countries (4a & 4b; 4b to be done separately). ISSN not assigned - as are spreadsheets with no overall title (1-3 per country). Discussed with VD - can always be added later.
=CAT  \\$a3072$b40$c20140626$lBLL01$h1358
=CAT  \\$a3072$b40$c20140702$lBLL01$h1237
=CAT  \\$a3072$b40$c20140703$lBLL01$h1124
=CAT  \\$a3072$b40$c20140703$lBLL01$h1155
=CAT  \\$a3072$b40$c20140703$lBLL01$h1520
=CAT  \\$aWR15_120$c20150910$lBLL01$h1828
=CAT  \\$aBATCH-MBS$c20150918$lBLL01$h2047
=CAT  \\$aW1711-1005$c20171206$lBLL01$h1827
=CAT  \\$a3072$b40$c20180125$lBLL01$h1517
=CAT  \\$a3072$b40$c20180125$lBLL01$h1518
=FIN  \\$aY$d20140703
=FMT  \\$a  SE
=LAS  \\$a3072$b40$c20180125$lBLL01$h1518
=LET  \0$aInternational steel statistics. Belgium-Luxembourg (Excel)
=LKR  \\$aPAR$b012482380$lBLL01$r776$mInternational steel statistics. Belgium-Luxembourg (Online)$nInternational steel statistics. Belgium-Luxembourg (Print)

