=LDR  02405cas a2200625 i 4500
=001  016765186
=003  Uk
=005  20140702161932.0
=007  ta
=008  130308c20139999dcugr\\\\\\\\f0\\\a0eng\\
=010  \\$a  2013200694
=016  \\$a016765186
=022  0\$a2327-2023$21
=035  \\$a(OCoLC)829392957
=037  \\$bNational Gallery of Art, 6th Street, Constitution Avenue, NW, Washington, DC 20565$c{dollar}70.00 (single issues)
=040  \\$aDLC$beng$cDLC$dDLC$dOCLCO$dOCLCQ$dYUS$dOCLCF$dNDD$dCUV$dDLC$dUk$erda
=042  \\$aukblsr
=050  \4$aN8554$b.F33
=082  10$a702.88$223
=130  0\$aFacture (Washington, D.C.)
=222  \0$aFacture
=245  10$aFacture :$bconservation, science, art history.
=264  \1$aWashington, [D.C.] :$bNational Gallery of Art,$c[2013]-
=300  \\$billustrations (black and white, and colour) ;$c29 cm
=310  \\$aBiennial
=336  \\$atext$2rdacontent
=336  \\$astill image$2rdacontent
=337  \\$aunmediated$2rdamedia
=338  \\$avolume$2rdacarrier
=362  1\$aBegan with volume 1, copyrighted 2013.
=500  \\$aVolumes also have a theme title.
=588  \\$aDescription based on first issue; title from title page.
=588  \\$aLatest issue consulted: Volume 1, copyrighted 2013.
=610  20$aNational Gallery of Art (U.S.)$vPeriodicals.
=650  \0$aArt$xConservation and restoration$vPeriodicals.
=650  \0$aArt$xResearch$vPeriodicals.
=650  \0$aArt$xHistory$vPeriodicals.
=650  \0$aArt$xTechnique$vPeriodicals.
=650  \0$aArtists' materials$xAnalysis$vPeriodicals.
=650  \0$aArt$xCollection and preservation$vPeriodicals.
=650  \0$aArt restorers$vPeriodicals.
=650  \0$aArt$xCollectors and collecting$vPeriodicals.
=650  \0$aMuseum conservation methods$vPeriodicals.
=710  2\$aNational Gallery of Art (U.S.)
=780  00$tConservation research
=852  41$aBritish Library$bHMNTS$jZC.9.b.9780$3Vol. 1 (2013)-
=985  \\$aNo LKR as previous title was published as a sub-series of: Studies in the history of art ISSN 0091-7338. GH 2/7/2014.
=CAT  \\$a11205$b40$c20140702$lBLL01$h1619
=CAT  \\$aBATCH-UPD$b40$c20151015$lBLL01$h1055
=CAT  \\$aWR16_021$c20160715$lBLL01$h1807
=CAT  \\$aBATCH-016$c20160905$lBLL01$h1725
=FIN  \\$aY$d20140702
=FMT  \\$a  SE
=LAS  \\$aBATCH-016$b00$c20160905$lBLL01$h1725
=SID  \\$aZ39$bOCLC

