=LDR  02445cas a2200517 i 4500
=001  016765494
=003  Uk
=005  20221027123619.0
=006  m\\\\\|\\d\|\\\\\\
=007  cr\|||||||||||
=008  140703d200u201uenkar\\\os\\\\0\\\a0eng\\
=015  \\$aGBB467042$2bnb
=040  \\$aUk$beng$cUk$erda
=042  \\$aukblsr
=082  04$a338.4766914209481021$223
=245  00$a[International steel statistics].$p[Norway].
=264  \1$a[London] :$b[ISSB Ltd]
=310  \\$aAnnual
=336  \\$atext$2rdacontent
=337  \\$acomputer$2rdamedia
=338  \\$aonline resource$2rdacarrier
=490  0\$a[Country book series]
=505  0\$aNorway exports -- Norway imports -- Norway P&AC.
=588  \\$aDescription based on: December 2009 issue (in Excel zip file, sent June 19, 2014); title and series statement based on print version record.
=588  \\$aLatest issue consulted: December 2012 (sent June 19, 2014).
=650  \0$aSteel industry and trade$zNorway$vStatistics$vPeriodicals.
=650  \0$aExports$zNorway$vStatistics$vPeriodicals.
=650  \0$aImports$zNorway$vStatistics$vPeriodicals.
=690  7\$aManagement and Business Studies$2blcoll
=710  2\$aISSB (Great Britain),$eissuing body.
=776  08$iPrint version, -2008?:$tInternational steel statistics. Norway$x0952-6013
=852  41$aBritish Library$bSTI$jELD Digital store$3(2009)Exports-(2016)P&AC
=856  4\$uhttp://www.issb.co.uk/Publications.html$zTo subscribe
=859  \\$aELD$bejournal
=985  \\$aUnsure whether print has ceased -still avdertised on web site; last print 2008; decision made by CC to accept publisher's statement that it's online only now. Sent in a zip file with other countries (4a & 4b; 4b to be done separately). ISSN not assigned - as are spreadsheets with no overall title (1-3 per country). Discussed with VD - can always be added later.
=CAT  \\$a3072$b40$c20140703$lBLL01$h1412
=CAT  \\$a3072$b40$c20140703$lBLL01$h1511
=CAT  \\$aWR15_120$c20150910$lBLL01$h1828
=CAT  \\$aBATCH-MBS$c20150918$lBLL01$h2047
=CAT  \\$aW1711-1005$c20171206$lBLL01$h1827
=CAT  \\$a8483$b40$c20221027$lBLL01$h1236
=FIN  \\$aY$d20140703
=FMT  \\$a  SE
=LAS  \\$a8483$b40$c20221027$lBLL01$h1236
=LET  \0$aInternational steel statistics. Norway (Excel)
=LKR  \\$aPAR$b009860225$lBLL01$r776$mInternational steel statistics. Norway (Online)$nInternational steel statistics. Norway (Print)

