=LDR  02004cas a2200469 i 4500
=001  016765666
=003  Uk
=005  20140703164658.0
=006  m\\\\\|\\d\|\\\\\\
=007  cr\|||||||||||
=008  140703c200u9999enkar\\\os\\\\0\\\a0eng\\
=015  \\$aGBB467083$2bnb
=040  \\$aUk$beng$cUk$erda
=042  \\$aukblsr
=082  04$a338.4766914209477021$223
=245  00$a[International steel statistics].$p[Ukraine].
=264  \1$a[London] :$b[ISSB Ltd]
=310  \\$aAnnual
=336  \\$atext$2rdacontent
=337  \\$acomputer$2rdamedia
=338  \\$aonline resource$2rdacarrier
=490  0\$a[Country book series]
=505  0\$aUkraine exports -- Ukraine imports -- Ukraine P&AC.
=588  \\$aDescription based on: December 2009 issue (in Excel zip file, sent June 19, 2014); title and series statement supplied by cataloguer.
=588  \\$aLatest issue consulted: December 2012 (sent June 19, 2014).
=650  \0$aSteel industry and trade$zUkraine$vStatistics$vPeriodicals.
=650  \0$aExports$zUkraine$vStatistics$vPeriodicals.
=650  \0$aImports$zUkraine$vStatistics$vPeriodicals.
=690  7\$aManagement and Business Studies$2blcoll
=710  2\$aISSB (Great Britain),$eissuing body.
=852  41$aBritish Library$bSTI$jELD Digital store$3(2009)Exports-(2018)P&AC
=856  4\$uhttp://www.issb.co.uk/Publications.html$zTo subscribe
=859  \\$aELD$bejournal
=985  \\$acan find an equivalent print title - Sent in a zip file with other countries (4a & 4b; 4b to be done separately). ISSN not assigned - as are spreadsheets with no overall title (1-3 per country). Discussed with VD - can always be added later.
=CAT  \\$a3072$b40$c20140703$lBLL01$h1646
=CAT  \\$aWR15_120$c20150910$lBLL01$h1828
=CAT  \\$aBATCH-MBS$c20150918$lBLL01$h2047
=CAT  \\$aW1711-1005$c20171206$lBLL01$h1827
=FIN  \\$aY$d20140703
=FMT  \\$a  SE
=LAS  \\$aW1711-1005$b00$c20171206$lBLL01$h1827
=LET  \0$aInternational steel statistics. Ukraine (Excel)

