=LDR  04654cas a2201009 i 4500
=001  016770945
=003  Uk
=005  20221231232909.0
=007  ta
=008  130801c20149999enkqr\p\\\\\\\0\\\a0eng\\
=010  \\$a  2013203104
=015  \\$aGBB467178$2bnb
=022  0\$a2330-2674$21
=035  \\$a(UkCU)5738722
=038  \\$aUkLCURL
=040  \\$aDLC$beng$cDLC$dDLC$dST-EdSUN$dUkCU$dUk$erda
=042  \\$aukblsr
=082  04$a003.3$223
=222  \0$aInternational journal of systems science. Operations & logistics
=245  00$aInternational journal of systems science.$pOperations & logistics.
=246  3\$aInternational journal of systems science.$pOperations and logistics
=246  30$aOperations & logistics
=246  13$aIJSS.$pO&L
=264  \1$aAbingdon, Oxon :$bTaylor & Francis,$c2014-
=300  \\$billustrations (black and white) ;$c28 cm
=310  \\$aQuarterly
=336  \\$atext$2rdacontent
=337  \\$aunmediated$2rdamedia
=338  \\$avolume$2rdacarrier
=362  1\$aBegan with: Volume 1, number 1 (March 2014).
=500  \\$aA spin-off journal from: International journal of systems science.
=530  \\$aAlso issued online.
=540  \\$aCurrent copyright fee: GBP43.00$c2\0$5Uk
=588  \\$aDescription based on: Volume 1, number 1 (March 2014); title from cover.
=588  \\$aLatest issue consulted: Volume 1, number 1 (March 2014).
=650  \0$aSystem analysis$vPeriodicals.
=776  08$iAlso issued online as:$tInternational journal of systems science. Operations & logistics$x2330-2682
=787  0\$tInternational journal of systems science$x0020-7721
=852  11$aBritish Library$bSTI$k(P)$h003.3$m-E(4)$3Vol. 1, no. 1 (Mar. 2014)-v. 2, no. 4 (Dec. 2015)***title now taken as electronic copy only
=856  \\$31850-9999$uhttp://www.tandfonline.com/$xBLDSS
=945  \\$aInternational journal of systems science operations and logistics.
=979  \\$aBritish Library$bDSC$j4542.693050N
=985  \\$aISSN note: Work record only on portal. 7/7/2014.
=ACF  \\$aPrevious Copyright Fee: GBP33.35$c0$e01-jan-2015$fGBP33.35$g0$hC$5Uk
=ACF  \\$aPrevious Copyright Fee: GBP32.20$c0$e01-oct-2014$fGBP32.20$g0$hC$5Uk
=ACF  \\$aPrevious Copyright Fee: GBP30.00$c2\0$e30-jan-2015$fGBP30.00$g0$hP$5Uk
=ACF  \\$aPrevious copyright fee: GBP34.00$c2\0$e01-jan-2016$fGBP34.00$g0$hP$5Uk
=ACF  \\$aPrevious copyright fee: GBP31.00$c2\0$e01-apr-2016$fGBP31.00$g0$hP$5Uk
=ACF  \\$aPrevious copyright fee: GBP33.00$c2\0$e01-jan-2017$fGBP33.00$g0$hP$5Uk
=ACF  \\$aPrevious copyright fee: GBP35.00$c2\0$e01-jan-2018$fGBP35.00$g0$hP$5Uk
=ACF  \\$aPrevious copyright fee: GBP37.00$c2\0$e01-jan-2019$fGBP37.00$g0$hP$5Uk
=ACF  \\$aPrevious copyright fee: GBP39.00$c2\0$e01-jan-2020$fGBP39.00$g0$hP$5Uk
=CAT  \\$a11205$b40$c20140707$lBLL01$h1231
=CAT  \\$aIPL-CLA$c20141231$lBLL01$h1705
=CAT  \\$a5552$b40$c20150130$lBLL01$h1043
=CAT  \\$aBLDSS-3PM$b00$c20150215$lBLL01$h1114
=CAT  \\$aBATCH-UPD$b00$c20150827$lBLL01$h1057
=CAT  \\$aBATCH-UPD$b00$c20151119$lBLL01$h1536
=CAT  \\$aIPL-CLA$c20151231$lBLL01$h1936
=CAT  \\$a8124$b40$c20160112$lBLL01$h0901
=CAT  \\$a5552$b40$c20160302$lBLL01$h1424
=CAT  \\$aIPL-CLA$c20160331$lBLL01$h1816
=CAT  \\$aBATCH-UPD$b00$c20160413$lBLL01$h1828
=CAT  \\$aBATCH-UPD$b00$c20161122$lBLL01$h1506
=CAT  \\$aBATCH-UPD$b00$c20161122$lBLL01$h1543
=CAT  \\$aIPL-CLA$c20161231$lBLL01$h0018
=CAT  \\$a5552$b40$c20170502$lBLL01$h1552
=CAT  \\$a5410$b40$c20170512$lBLL01$h0942
=CAT  \\$aBATCH-UPD$b40$c20171121$lBLL01$h1656
=CAT  \\$aIPL-CLA$c20171231$lBLL01$h1825
=CAT  \\$aBATCH-UPD$b00$c20181217$lBLL01$h1645
=CAT  \\$aIPL-CLA$c20181231$lBLL01$h1554
=CAT  \\$aBATCH-UPD$b00$c20191122$lBLL01$h1907
=CAT  \\$aIPL-CLA$c20191231$lBLL01$h2038
=CAT  \\$aBATCH-UPD$b00$c20201118$lBLL01$h1342
=CAT  \\$aIPL-CLA$c20201231$lBLL01$h2341
=CAT  \\$aBATCH-UPD$b00$c20221121$lBLL01$h1341
=CAT  \\$aIPL-CLA$c20221231$lBLL01$h2329
=CFI  0\$aCurrent copyright fee: GBP43.00$c2\0$e01-jan-2023$fGBP43.00$g0$hP$5Uk
=CFI  2\$aPrevious copyright fee: GBP41.00$c2\0$e01-jan-2021$fGBP41.00$g0$hP$5Uk
=FFP  \\$aY$bBLDSS-3PM
=FIN  \\$aY$d20140707
=FMT  \\$a  SE
=LAS  \\$aIPL-CLA$b00$c20221231$lBLL01$h2329
=LET  \0$aInternational journal of systems science. Operations & logistics (Print)
=LKR  \\$aPAR$b012765159$lBLL01$nInternational journal of systems science$mInternational journal of systems science. Operations & logistics$r787
=SID  \\$aZ39$bRLUK

