=LDR  01519 as a2200421 i 4500
=001  016780122
=003  Uk
=005  20210903121522.0
=007  ta
=008  140710d20142014gw\qr\p\\\\\\\0\\\a0eng\\
=022  \\$a2197-8247
=040  \\$aUk$beng$cUk$erda
=042  \\$aukblsr
=082  04$a338.47669142094$223
=245  00$aSteel market Europe :$bsteel distribution, service and trading, production and processing.
=264  \1$aDüsseldorf :$bMontan- und Wirtschaftsverlag GmbH,$c2014-2014
=300  \\$billustrations (colour) ;$c30 cm
=310  \\$aQuarterly
=336  \\$atext$2rdacontent
=337  \\$aunmediated$2rdamedia
=338  \\$avolume$2rdacarrier
=362  0\$a1 (2014)-
=530  \\$aAlso issued online.
=650  \0$aSteel industry and trade$zEurope$vPeriodicals.
=690  7\$aManagement and Business Studies$2blcoll
=772  0\$tStahlmarkt$x0178-6571
=780  00$tStahlmarkt (Düsseldorf. European ed.)$x2191-0618
=852  \\$aBritish Library$bSTI$k(P)$hND05$m-G(15)$2BLSRIS
=985  \\$aISSN 2197-8247 (Germany) free on Portal at 11/07/14. Please check again to confirm Key Title (Richard (Leeds), 11/07/14)
=CAT  \\$a9602$b40$c20140710$lBLL01$h1310
=CAT  \\$a10806$b40$c20140711$lBLL01$h1326
=CAT  \\$a10806$b40$c20140711$lBLL01$h1332
=CAT  \\$a10806$b40$c20140711$lBLL01$h1338
=CAT  \\$aBATCH-MBS$c20140718$lBLL01$h2156
=CAT  \\$a6490$b40$c20210903$lBLL01$h1215
=FIN  \\$aY$d20140711
=FMT  \\$a  SE
=LAS  \\$a6490$b40$c20210903$lBLL01$h1215

