=LDR  01392 as a2200409 i 4500
=001  016782481
=003  Uk
=005  20190214142841.0
=007  ta
=008  140714c20139999ii\fr\p\\\\\\\0\\\a0eng\\
=015  \\$aGBB470732$2bnb
=016  \\$a016782481
=022  0\$a2347-7156
=040  \\$aUk$beng$cUk$dUk$erda
=042  \\$aukblsr
=082  04$a616.5005$223
=222  \0$aWorld clinics dermatology
=245  00$aWorld clinics dermatology.
=264  \1$aNew Delhi :$bJaypee Brothers Medical Publishers (P) Ltd,$c2014-
=300  \\$billustrations (colour) ;$c24 cm
=310  \\$aSemiannual
=336  \\$atext$2rdacontent
=337  \\$aunmediated$2rdamedia
=338  \\$avolume$2rdacarrier
=362  0\$aVolume 1, number 1 (December 2013)-
=500  \\$aIssues have individual titles indicating subject focus.
=588  \\$aLatest issue consulted: Atopic dermatitis, Volume 4, number 1 (June 2018).
=650  \0$aDermatology$vPeriodicals.
=852  11$aBritish Library$bSTI$k(B)$h616.53$3Vol. 1, no. 1 (Dec. 2013)-v. 4. no. 1 (2018)
=985  \\$aISSN record on portal has typo in title. GH 14/7/2014.
=CAT  \\$a11205$b40$c20140714$lBLL01$h0948
=CAT  \\$aWR16_021$c20160715$lBLL01$h1809
=CAT  \\$aBATCH-016$c20160905$lBLL01$h1725
=CAT  \\$a8124$b40$c20190214$lBLL01$h1428
=FIN  \\$aY$d20140714
=FMT  \\$a  SE
=LAS  \\$a8124$b40$c20190214$lBLL01$h1428

