=LDR  04687cas a2200961 a 4500
=001  016796064
=003  Uk
=005  20221231232929.0
=007  co||||||||||||
=008  131018c201u9999ja\ar\p\q\\\\\0\\\d0jpn\d
=015  \\$a01034661$2jnb
=016  7\$a024919277$2JTNDL
=022  \\$y0919-5025$y2188-4315
=035  \\$a(OCoLC)867734275
=040  \\$aNHN$bjpn$cNHN$dUk$encr/1987
=041  0\$ajpn$aeng
=042  \\$aukblsr
=082  04$a505$223
=084  \\$aZM2$2kktb
=084  \\$aYH247-1339$2kktb
=130  0\$aProceedings of the School of Science of Tokai University.
=245  00$6880-01$aTokai daigaku kiyo.$bProceedings of the School of Science of Tokai University /$pRigakubu$h[electronic resource] =$cTokai daigaku rigakubu Hen.
=246  13$6880-02$aTokai daigaku rigakubu kiyo
=260  \\$6880-03$aHiratsuka :$bTokai daigaku rigakubu
=300  \\$aCD-ROMs ;$c4 3/4 in. +$ebooklet of abstracts (30cm.)
=310  \\$aAnnual
=336  \\$atext$2rdacontent
=337  \\$acomputer$2rdamedia
=338  \\$acomputer disc$2rdacarrier
=538  \\$aSystem requirements: IBM compatible PC; Windows.
=540  \\$aCurrent Copyright Fee: GBP25.00$c0$5Uk
=588  \\$aDescription based on: 48卷 (2013); title from disc.
=650  \0$aScience$vPeriodicals.
=710  2\$6880-02$aTōkai Daigaku.$bRigakubu.
=720  2\$aTokai University. School of Science
=776  08$iPrint version, -2012:$tProceedings of the School of Science of Tokai University$x0919-5025
=852  71$aBritish Library$bSTI$k(TP)$hJA 00$mE (67)$3Vol. 48 (2013)-v. 53 (2018)
=852  41$aBritish Library$bDSC$cV$j6811.121000$3Vol. 48 (2013)-v. 53 (2018)
=880  \\$6256-00$aテキスト・データ.
=880  00$6245-01$a東海大学紀要.$p理学部$h[電子資料] =$bProceedings of the School of Science of Tokai University /$c東海大学理学部編.
=880  23$6246-02$a東海大学理学部紀要
=880  \\$6260-03$a平塚 :$b東海大学理学部,$c2013-
=880  \\$6300-00$aCD-ROM ;$c12cm +$e抄録 (30cm)
=880  \\$6310-00$a年刊
=880  \\$6516-00$aPDF, HTML形式 (48卷による)
=880  \\$6550-00$a発行所: 東海大学出版会.
=880  0\$6787-00$w000000153266$tProceedings of the School of Science of Tokai University = 理学部 / 東海大学理学部.$x0919-5025
=880  2\$6710-04$a東海大学理学部$0(JTNDL)001151257
=945  \\$aProceedings- School of Science of Tokai University CDROM
=985  \\$a2188-4315 not completed yet on ISSN portal, but print ISSN 0919-5025 is recorded as dead (2012); assumed that it has changed format with CD-ROM now including full articles, with the print just consisting of abstracts; 2013 issue also on CD-ROM - not sure whether full articles or not, so have put a vague start date.
=ACF  \\$aPrevious copyright fee: GBP12.30$c0$e15-may-2015$fGBP12.30$g0$hA$5Uk
=ACF  \\$aPrevious Copyright Fee: GBP15.00$c0$e01-jan-2017$fGBP15.00$g0$hA$5Uk
=ACF  \\$aPrevious Copyright Fee: GBP17.50$c0$e01-jan-2018$fGBP17.50$g0$hA$5Uk
=ACF  \\$aPrevious Copyright Fee: GBP20.00$c0$e01-jan-2020$fGBP20.00$g0$hA$5Uk
=CAT  \\$a11385$b40$c20140723$lBLL01$h1125
=CAT  \\$a3072$b40$c20150512$lBLL01$h1616
=CAT  \\$a3072$b40$c20150512$lBLL01$h1619
=CAT  \\$a3072$b40$c20150514$lBLL01$h1617
=CAT  \\$a3072$b40$c20150514$lBLL01$h1621
=CAT  \\$a11385$b40$c20150515$lBLL01$h0911
=CAT  \\$a11385$b40$c20150515$lBLL01$h0914
=CAT  \\$a11385$b40$c20150515$lBLL01$h0916
=CAT  \\$a5552$b40$c20150609$lBLL01$h1034
=CAT  \\$aBATCH-UPD$b40$c20151018$lBLL01$h1231
=CAT  \\$aBATCH-CLA$b00$c20161222$lBLL01$h1838
=CAT  \\$aIPL-CLA$c20161231$lBLL01$h0018
=CAT  \\$aBATCH-UPD$b00$c20170618$lBLL01$h2059
=CAT  \\$aBATCH-CLA$b00$c20171222$lBLL01$h2217
=CAT  \\$aIPL-CLA$c20171231$lBLL01$h1825
=CAT  \\$aBATCH-CLA$b00$c20191219$lBLL01$h1801
=CAT  \\$aIPL-CLA$c20191231$lBLL01$h2038
=CAT  \\$aR2001-1524$c20200127$lBLL01$h2103
=CAT  \\$aBATCH-CLA$b00$c20201204$lBLL01$h1613
=CAT  \\$aIPL-CLA$c20201231$lBLL01$h2341
=CAT  \\$aBATCH-CLA$b00$c20221221$lBLL01$h1929
=CAT  \\$aIPL-CLA$c20221231$lBLL01$h2329
=CFI  0\$aCurrent Copyright Fee: GBP25.00$c0$e01-jan-2023$fGBP25.00$g0$hA$5Uk
=CFI  2\$aPrevious Copyright Fee: GBP22.50$c0$e01-jan-2021$fGBP22.50$g0$hA$5Uk
=FIN  \\$aY$d20150512
=FMT  \\$a  SE
=LAS  \\$aIPL-CLA$b00$c20221231$lBLL01$h2329
=LKR  \\$aPAR$b007872594$lBLL01$r776$mProceedings of the School of Science of Tokai University (CD-ROM)$nProceedings of the School of Science of Tokai University (Print)
=SID  \\$aZ39$bOCLC

