=LDR  04510cas a2201009 i 4500
=001  016809462
=003  Uk
=005  20221231145251.0
=006  m\\\\\\\\d\\\\\\\\
=007  cr\|||||||||||
=008  140804c20149999gw\qx\p\o\\\\\0\\\a0eng\\
=022  \\$y2198-1639
=040  \\$aUk$beng$cUk$erda
=041  0\$aeng$ager
=042  \\$aukblsr
=082  04$a658.005$223
=245  00$aManagement review quarterly :$bJournal für Betriebswirtschaft.
=246  13$aManagement review quarterly/Journal für Betriebswirtschaft
=246  13$aMRQ/JfB
=264  \1$aBerlin :$bSpringer,$c2014-
=310  \\$aQuarterly
=336  \\$atext$2rdacontent
=337  \\$acomputer$2rdamedia
=338  \\$aonline resource$2rdacarrier
=362  0\$aVolume 64, issue 1 (February 2014)-
=500  \\$aTitle from thumbnail of cover (SpringerLink, viewed October 3, 2014).
=540  \\$aCurrent copyright fee: GBP29.95$c22\1$5Uk
=550  \\$a"Founded in 1951 at the Hochschule für Welthandel in Vienna, Austria (now WU Vienna University of Economics and Business)"--journal home page.
=588  \\$aLatest issue consulted: volume 64, issue 4 (August 2014) (viewed October 3, 2014).
=650  \0$aIndustrial management$vPeriodicals.
=690  7\$aManagement and Business Studies$2blcoll
=710  2\$aWirtschaftsuniversität Wien.
=780  00$tJournal für Betriebswirtschaft (Online)$x1614-631X
=852  41$aBritish Library$bDSC$j5959.059700$3Volume 64:Issue 1(2014)-Volume 64:Issue 4(2014)***See ESTAR for full holdings.
=856  \\$31850-9999$uhttp://www.springer.com/gb/$xBLDSS
=856  40$uhttp://link.springer.com/journal/11301#
=945  \\$aManagement review quarterly.
=959  \\$fHeld but not currently received
=979  \\$aBritish Library$bDSC$j5959.059700
=985  \\$aUnable to add 222, record not on ISSN Portal 3/10/2014.
=ACF  \\$aPrevious copyright fee: GBP24.21$c22\3$e04-aug-2014$fGBP24.21$g0$hP$5Uk
=ACF  \\$aPrevious copyright fee: GBP25.77$c22\3$e01-apr-2015$fGBP25.77$g0$hP$5Uk
=ACF  \\$aPrevious copyright fee: GBP26.63$c22\3$e01-jul-2015$fGBP26.63$g0$hP$5Uk
=ACF  \\$aPrevious copyright fee: GBP25.77$c22\3$e01-oct-2015$fGBP25.77$g0$hP$5Uk
=ACF  \\$aPrevious copyright fee: GBP27.55$c22\3$e01-apr-2016$fGBP27.55$g0$hP$5Uk
=ACF  \\$aPrevious copyright fee: GBP29.59$c22\3$e01-oct-2016$fGBP29.59$g0$hP$5Uk
=ACF  \\$aPrevious copyright fee: GBP31.96$c22\3$e01-apr-2017$fGBP31.96$g0$hP$5Uk
=ACF  \\$aPrevious copyright fee: GBP30.73$c22\3$e01-oct-2017$fGBP30.73$g0$hP$5Uk
=ACF  \\$aPrevious copyright fee: GBP28.54$c22\3$e01-apr-2018$fGBP28.54$g0$hP$5Uk
=CAT  \\$a12654$b40$c20140804$lBLL01$h1422
=CAT  \\$aBATCH-UPD$b00$c20150219$lBLL01$h1745
=CAT  \\$aCDS15-UPD$b40$c20150313$lBLL01$h1911
=CAT  \\$aIPL-CLA$c20150331$lBLL01$h1729
=CAT  \\$aBATCH-UPD$b00$c20150520$lBLL01$h1752
=CAT  \\$aIPL-CLA$c20150630$lBLL01$h1723
=CAT  \\$aBATCH-UPD$b00$c20150820$lBLL01$h1840
=CAT  \\$aIPL-CLA$c20150930$lBLL01$h1852
=CAT  \\$aBATCH-UPD$b00$c20160217$lBLL01$h1730
=CAT  \\$aIPL-CLA$c20160331$lBLL01$h1816
=CAT  \\$aBATCH-UPD$b00$c20160524$lBLL01$h2215
=CAT  \\$aBATCH-UPD$b00$c20160525$lBLL01$h0058
=CAT  \\$aBATCH-UPD$b00$c20160824$lBLL01$h1757
=CAT  \\$aIPL-CLA$c20160930$lBLL01$h1642
=CAT  \\$aBATCH-UPD$b00$c20170216$lBLL01$h1845
=CAT  \\$aIPL-CLA$c20170331$lBLL01$h1920
=CAT  \\$aBATCH-UPD$b00$c20170904$lBLL01$h1854
=CAT  \\$aIPL-CLA$c20170929$lBLL01$h1806
=CAT  \\$aBATCH-UPD$b00$c20180223$lBLL01$h1727
=CAT  \\$aIPL-CLA$c20180331$lBLL01$h1709
=CAT  \\$aBATCH-UPD$b00$c20180524$lBLL01$h1715
=CAT  \\$aIPL-CLA$c20180630$lBLL01$h1940
=CAT  \\$a5410$b40$c20200911$lBLL01$h0007
=CAT  \\$a5410$b40$c20221029$lBLL01$h1207
=CAT  \\$aBATCH-UPD$b40$c20221121$lBLL01$h1406
=CAT  \\$aIPL-CLA$c20221231$lBLL01$h1452
=CFI  0\$aCurrent copyright fee: GBP29.95$c22\1$e01-jan-2023$fGBP29.95$g0$hP$5Uk
=CFI  2\$aPrevious copyright fee: GBP34.00$c22\1$e01-jul-2018$fGBP34.00$g0$hP$5Uk
=EST  \\$a1
=FFP  \\$aY$bBLDSS-3PM
=FIN  \\$aY$d20141003
=FMT  \\$a  SE
=LAS  \\$aIPL-CLA$b00$c20221231$lBLL01$h1452
=LET  \0$aManagement review quarterly (Electronic)
=LKR  \\$aPAR$b013089723$lBLL01$nJournal für Betriebswirtschaft (Online)$mManagement review quarterly (Online)$r78000
=MNI  \\$a2198-1620
=TOC  \\$aETOC
=UNO  \\$aY

