=LDR  03858cas a2200889 i 4500
=001  016813341
=003  Uk
=005  20221231145251.0
=007  ta
=008  140805c20149999enkqr\p\\\\\\\0\\\a0eng\\
=015  \\$aGBB479745$2bnb
=022  \\$a2326-263X
=040  \\$aUk$beng$cUk$dUk$erda
=042  \\$aukblsr
=082  04$a612.8205$223
=222  \0$aBrain computer interfaces$b(Print)
=245  00$aBrain-computer interfaces.
=264  \1$aAbingdon :$bTaylor & Francis Journals,$c2014-
=300  \\$billustrations (black and white) ;$c28 cm
=310  \\$aQuarterly
=336  \\$atext$2rdacontent
=337  \\$aunmediated$2rdamedia
=338  \\$avolume$2rdacarrier
=362  1\$aBegan with volume 1, number 1 (2014).
=540  \\$aCurrent copyright fee: GBP43.00$c2\0$5Uk
=588  \\$aDescription based on: volume 1, number 2 (June 2014).
=650  \0$aBrain-computer interfaces$vPeriodicals.
=650  \0$aNeurology$vPeriodicals.
=776  08$iAlso issued online as:$tBrain-computer interfaces$x2326-263X
=852  11$aBritish Library$bSTI$k(P)$h612.82$m-E(2)$3Vol. 1, no. 2 (Jun. 2014)-v. 2, no. 4 (2015)***title now taken as electronic copy only
=856  \\$31850-9999$uhttp://www.tandfonline.com/$xBLDSS
=945  \\$aBrain computer interfaces.
=979  \\$aBritish Library$bDSC$j2268.108000N$xNot selected
=985  \\$aISSN work record on Portal only, so therefore 210/222 not added, MP, 5/8/14.
=ACF  \\$aPrevious Copyright Fee: GBP33.35$c0$e01-jan-2015$fGBP33.35$g0$hC$5Uk
=ACF  \\$aPrevious Copyright Fee: GBP32.20$c0$e01-oct-2014$fGBP32.20$g0$hC$5Uk
=ACF  \\$aPrevious copyright fee: GBP30.00$c2\0$e19-jan-2015$fGBP30.00$g0$hP$5Uk
=ACF  \\$aPrevious copyright fee: GBP34.00$c2\0$e01-jan-2016$fGBP34.00$g0$hP$5Uk
=ACF  \\$aPrevious copyright fee: GBP31.00$c2\0$e01-apr-2016$fGBP31.00$g0$hP$5Uk
=ACF  \\$aPrevious copyright fee: GBP33.00$c2\0$e01-jan-2017$fGBP33.00$g0$hP$5Uk
=ACF  \\$aPrevious copyright fee: GBP35.00$c2\0$e01-jan-2018$fGBP35.00$g0$hP$5Uk
=ACF  \\$aPrevious copyright fee: GBP37.00$c2\0$e01-jan-2019$fGBP37.00$g0$hP$5Uk
=ACF  \\$aPrevious copyright fee: GBP39.00$c2\0$e01-jan-2020$fGBP39.00$g0$hP$5Uk
=CAT  \\$a5997$b40$c20140805$lBLL01$h1152
=CAT  \\$aBATCH-CLA$b00$c20141128$lBLL01$h0929
=CAT  \\$aIPL-CLA$c20141231$lBLL01$h1705
=CAT  \\$a5552$b40$c20150119$lBLL01$h1544
=CAT  \\$aBLDSS-3PM$b00$c20150215$lBLL01$h1114
=CAT  \\$aBATCH-UPD$b00$c20151119$lBLL01$h1536
=CAT  \\$aIPL-CLA$c20151231$lBLL01$h1936
=CAT  \\$a8323$b40$c20160203$lBLL01$h0826
=CAT  \\$a8323$b40$c20160203$lBLL01$h0852
=CAT  \\$a5552$b40$c20160229$lBLL01$h1548
=CAT  \\$aIPL-CLA$c20160331$lBLL01$h1816
=CAT  \\$aBATCH-UPD$b00$c20160413$lBLL01$h1828
=CAT  \\$aBATCH-UPD$b00$c20161122$lBLL01$h1506
=CAT  \\$aBATCH-UPD$b00$c20161122$lBLL01$h1543
=CAT  \\$a5552$b40$c20161208$lBLL01$h1102
=CAT  \\$aIPL-CLA$c20161231$lBLL01$h0018
=CAT  \\$aBATCH-UPD$b00$c20171121$lBLL01$h1656
=CAT  \\$aIPL-CLA$c20171231$lBLL01$h1825
=CAT  \\$aBATCH-UPD$b00$c20181217$lBLL01$h1645
=CAT  \\$aIPL-CLA$c20181231$lBLL01$h1554
=CAT  \\$aBATCH-UPD$b00$c20191122$lBLL01$h1907
=CAT  \\$aIPL-CLA$c20191231$lBLL01$h2039
=CAT  \\$aBATCH-UPD$b00$c20201118$lBLL01$h1342
=CAT  \\$aIPL-CLA$c20201231$lBLL01$h1533
=CAT  \\$aBATCH-UPD$b00$c20221121$lBLL01$h1341
=CAT  \\$aIPL-CLA$c20221231$lBLL01$h1452
=CFI  0\$aCurrent copyright fee: GBP43.00$c2\0$e01-jan-2023$fGBP43.00$g0$hP$5Uk
=CFI  2\$aPrevious copyright fee: GBP41.00$c2\0$e01-jan-2021$fGBP41.00$g0$hP$5Uk
=FFP  \\$aY$bBLDSS-3PM
=FIN  \\$aY$d20140805
=FMT  \\$a  SE
=LAS  \\$aIPL-CLA$b00$c20221231$lBLL01$h1452
=LET  \0$aBrain-computer interfaces (Print)
=TOC  \\$aETOC

