=LDR  02844cas a2200697 i 4500
=001  016813501
=003  Uk
=005  20230210011206.0
=007  ta
=008  140805c200u9999enkmr\p\\\\\\\0\\\a0eng\\
=022  \\$y0268-9804
=040  \\$aUk$beng$cUk$erda
=042  \\$aukblsr
=082  04$a796.33365$223
=130  0\$aRugby world (Ireland edition)
=245  10$aRugby world :$bthe world's best-selling rugby magazine.
=250  \\$aIreland edition.
=264  \1$aLondon :$bIPC Media Ltd
=264  31$a[London] :$bTime Inc. (UK) Ltd
=300  \\$billustrations (colour) ;$c29 cm
=310  \\$aMonthly
=336  \\$atext$2rdacontent
=337  \\$aunmediated$2rdamedia
=338  \\$avolume$2rdacarrier
=540  \\$aCurrent Copyright Fee: GBP25.00$c0$5Uk
=588  \\$aDescription based on: issue 648 (July 2014).
=588  \\$aLatest issue consulted: issue 657 (April 2015).
=650  \0$aRugby Union football$zIreland$vPeriodicals.
=650  \0$aRugby Union football$vPeriodicals.
=852  41$aBritish Library$bHMNTS$jZK.9.b.32932$3Issue 648 (Jul. 2014)-issue 695 (Jun.2018)
=985  \\$aCarrying 0268-9804 in barcode. Decision not to allocate new ISSN.
=ACF  \\$aPrevious Copyright Fee: GBP12.30$c0$e01-jul-2015$fGBP12.30$g0$hC$5Uk
=ACF  \\$aPrevious Copyright Fee: GBP15.00$c0$e01-jan-2017$fGBP15.00$g0$hC$5Uk
=ACF  \\$aPrevious Copyright Fee: GBP17.50$c0$e01-jan-2018$fGBP17.50$g0$hC$5Uk
=ACF  \\$aPrevious Copyright Fee: GBP20.00$c0$e01-jan-2020$fGBP20.00$g0$hC$5Uk
=ACF  \\$aPrevious Copyright Fee: GBP22.50$c0$e01-jan-2021$fGBP22.50$g0$hC$5Uk
=CAT  \\$a8483$b40$c20140805$lBLL01$h1533
=CAT  \\$a8483$b40$c20140805$lBLL01$h1534
=CAT  \\$a10973$b40$c20150430$lBLL01$h0825
=CAT  \\$a10973$b40$c20150430$lBLL01$h1043
=CAT  \\$aBATCH-CLA$b00$c20150529$lBLL01$h1529
=CAT  \\$aIPL-CLA$c20150630$lBLL01$h1723
=CAT  \\$a8323$b40$c20151221$lBLL01$h1159
=CAT  \\$aBATCH-CLA$b00$c20161130$lBLL01$h1649
=CAT  \\$aIPL-CLA$c20161231$lBLL01$h0018
=CAT  \\$aBATCH-CLA$b00$c20171130$lBLL01$h1717
=CAT  \\$aIPL-CLA$c20171231$lBLL01$h1825
=CAT  \\$aBATCH-CLA$b00$c20191129$lBLL01$h1632
=CAT  \\$aIPL-CLA$c20191231$lBLL01$h2039
=CAT  \\$aBATCH-CLA$b00$c20201126$lBLL01$h1422
=CAT  \\$aIPL-CLA$c20201231$lBLL01$h2341
=CAT  \\$aBATCH-CLA$b00$c20221130$lBLL01$h1502
=CAT  \\$aIPL-CLA$c20221231$lBLL01$h2329
=CAT  \\$aBATCH-CLA$b00$c20230209$lBLL01$h1548
=CAT  \\$aIPL-CLA$c20230210$lBLL01$h0112
=CFI  0\$aCurrent Copyright Fee: GBP25.00$c0$e09-feb-2023$fGBP25.00$g0$hC$5Uk
=CFI  2\$aBritish Library not licensed to copy$c0$e01-jan-2023$hC$iCFP Excluded$5Uk
=FIN  \\$aY$d20140805
=FMT  \\$a  SE
=LAS  \\$aIPL-CLA$b00$c20230210$lBLL01$h0112
=LET  \0$aRugby world (Ireland edition)

