=LDR  01499 as a2200421 i 4500
=001  016817858
=003  Uk
=005  20190724143623.0
=007  ta
=008  140806d20132017enkar\\\\\\\\\0\\\a0eng\\
=015  \\$aGBB483307$2bnb
=040  \\$aUk$beng$cUk$erda
=042  \\$aukblsr
=082  04$a624.193025$222
=245  00$aTunnels buyer's guide.
=264  \1$a[Withyham] :$bBoundary I-Media Ltd,$c2013-2017.
=300  \\$c21 cm
=336  \\$atext$2rdacontent
=337  \\$aunmediated$2rdamedia
=338  \\$avolume$2rdacarrier
=362  0\$a2013-
=530  \\$aAlso issued online as a searchable database.
=650  \0$aTunneling$vDirectories.
=650  \0$aTunnels$xDesign and construction$vDirectories.
=780  00$tTunnels & tunnelling buyer's guide$x1756-7882
=785  00$tTunnels and tunnelling buyer's guide (2018)
=852  41$aBritish Library$bHMNTS$jZK.9.a.14587$32013-***Earlier issues
=852  11$aBritish Library$bSTI$cBIPC$k(B) DIR$h624.193025$mBusiness$32013-2017***Current issue
=985  \\$aAnnual using an ISBN, so new ISSN not assigned.
=CAT  \\$a8483$b40$c20140806$lBLL01$h1614
=CAT  \\$a8483$b40$c20140806$lBLL01$h1622
=CAT  \\$a8483$b40$c20140806$lBLL01$h1625
=CAT  \\$a8483$b40$c20140806$lBLL01$h1627
=CAT  \\$a5997$b40$c20190724$lBLL01$h1436
=FIN  \\$aY$d20140806
=FMT  \\$a  SE
=LAS  \\$a5997$b40$c20190724$lBLL01$h1436
=LKR  \\$aPAR$b014504540$lBLL01$r78000$mTunnels buyer's guide$nTunnels & tunnelling buyer's guide

