=LDR  02180 as a2200469 i 4500
=001  016828892
=003  Uk
=005  20140819132545.0
=006  m\\\\\\\\d\|\\\\\\
=007  co||||||||||||
=008  140819d20022010uy\ar\p\q\\\\\0\\\a0spa\\
=040  \\$aUk$beng$cUk$erda
=042  \\$aukblsr
=082  04$a330.989$223
=245  00$aBoletín de historia económica /$cAsociación Uruguaya de Historia Económica.
=264  \1$aMontevideo :$bAsociación Uruguaya de Historia Económica
=300  \\$aCD-ROMs ;$c3 3/4 in.
=310  \\$aAnnual
=336  \\$atext$2rdacontent
=337  \\$acomputer$2rdamedia
=338  \\$acomputer disc$2rdacarrier
=362  1\$aPrint began with Año 1, no. 1 (nov. 2002).
=362  1\$aOnline ceased with año 8, no. 9 (diciembre 2010).
=538  \\$aSystem requirements: IBM compatible PC running Windows 98 or later; Adobe Acrobat Reader.
=588  \\$aDescription based on: año 6, número 7 (diciembre 2008); title from disc label.
=588  \\$aLatest issue consulted: año 7, número 8 (diciembre 2009).
=650  \0$aEconomic history$y21st century$zUruguay$vPeriodicals.
=651  \0$aUruguay$xEconomic conditions$y21st century$vPeriodicals.
=690  7\$aManagement and Business Studies$2blcoll
=710  2\$aAsociación Uruguaya de Historia Económica,$eissuing body.
=776  08$iPrint version, -2007 :$tBoletín de historia económica$x1688-5082
=776  08$iOnline version:$tBoletín de historia económica
=785  00$tRevista Uruguaya de historia económica
=852  41$aBritish Library$bHMNTS$jEF.9.x.409$3No. 7 (2008)-n. 8 (2009)
=985  \\$adon't know if there was a CD-ROM issue for año 8, no. 9; don't know if there is a continuing CD-ROM title or just an online one 1688-8561 - ISSN not added as unsure.
=CAT  \\$a3072$b40$c20140819$lBLL01$h1325
=CAT  \\$aBATCH-MBS$c20140919$lBLL01$h2151
=FIN  \\$aY$d20140819
=FMT  \\$a  SE
=LAS  \\$aBATCH-MBS$b00$c20140919$lBLL01$h2151
=LET  \0$aBoletín de historia económica (CD-ROM)
=LKR  \\$aPAR$b012463849$lBLL01$r776$mBoletín de historia económica (CD-ROM)$nBoletín de historia económica (Print)

