=LDR  02757cas a2200685 i 4500
=001  016837393
=003  Uk
=005  20230210011208.0
=007  ta
=008  140826c20149999ne\qr\p\\\\\\\0\\\a0eng\\
=015  \\$aGBB489398$2bnb
=022  0\$a2214-6296
=040  \\$aUk$beng$cUk$dUk$erda
=042  \\$aukblsr
=082  04$a333.7905$223
=245  00$aEnergy research & social science.
=246  3\$aEnergy research and social science
=246  13$iAlso known as:$aERSS
=264  \1$a[Amsterdam] :$bElsevier,$c2014-
=300  \\$billustrations (black and white) ;$c28 cm
=310  \\$aQuarterly
=336  \\$atext$2rdacontent
=337  \\$aunmediated$2rdamedia
=338  \\$avolume$2rdacarrier
=362  0\$aVol. 1 (2014)-
=540  \\$aCurrent Copyright Fee: GBP34.00$c0$5Uk
=650  \0$aPower resources$xSocial aspects$vPeriodicals.
=776  08$iAlso issued online as:$tEnergy research & social science$x2214-6326
=852  41$aBritish Library$bHMNTS$jZC.9.b.9866$3Vol. 1 (2014)-V. 5(2015)***Title now taken as electronic copy
=945  \\$aEnergy research and social science.
=979  \\$aBritish Library$bDSC$j3747.750450N
=985  \\$aWork record only on ISSN portal. 26/8/2014.
=ACF  \\$aPrevious Copyright Fee: GBP21.00$c0$e01-jan-2015$fGBP21.00$g0$hC$5Uk
=ACF  \\$aPrevious Copyright Fee: GBP22.50$c0$e01-jan-2016$fGBP22.50$g0$hC$5Uk
=ACF  \\$aPrevious Copyright Fee: GBP23.40$c0$e01-jan-2018$fGBP23.40$g0$hC$5Uk
=ACF  \\$aPrevious Copyright Fee: GBP34.00$c0$e01-apr-2021$fGBP34.00$g0$hC$5Uk
=CAT  \\$a11205$b40$c20140826$lBLL01$h1110
=CAT  \\$a11205$b40$c20140826$lBLL01$h1112
=CAT  \\$a11205$b40$c20140826$lBLL01$h1113
=CAT  \\$aBATCH-CLA$b00$c20141128$lBLL01$h0927
=CAT  \\$aIPL-CLA$c20141231$lBLL01$h1705
=CAT  \\$a8124$b40$c20150519$lBLL01$h0922
=CAT  \\$aBATCH-CLA$b00$c20151127$lBLL01$h1630
=CAT  \\$aBATCH-UPD$b00$c20151127$lBLL01$h1652
=CAT  \\$aIPL-CLA$c20151231$lBLL01$h1936
=CAT  \\$a5552$b40$c20161202$lBLL01$h1209
=CAT  \\$aBATCH-CLA$b00$c20171130$lBLL01$h1656
=CAT  \\$aIPL-CLA$c20171231$lBLL01$h1825
=CAT  \\$aBATCH-CLA$b00$c20210227$lBLL01$h1007
=CAT  \\$aIPL-CLA$c20210331$lBLL01$h1902
=CAT  \\$aBATCH-CLA$b00$c20221130$lBLL01$h1422
=CAT  \\$aIPL-CLA$c20221231$lBLL01$h2329
=CAT  \\$aBATCH-CLA$b00$c20230209$lBLL01$h1510
=CAT  \\$aIPL-CLA$c20230210$lBLL01$h0112
=CFI  0\$aCurrent Copyright Fee: GBP34.00$c0$e09-feb-2023$fGBP34.00$g0$hC$5Uk
=CFI  2\$aBritish Library not licensed to copy$c0$e01-jan-2023$hC$iCFP Excluded$5Uk
=FIN  \\$aY$d20140826
=FMT  \\$a  SE
=LAS  \\$aIPL-CLA$b00$c20230210$lBLL01$h0112
=LET  \0$aEnergy research & social science (Print)

