=LDR  03271cas a2200601 i 4500
=001  016900172
=003  Uk
=005  20220513155028.0
=008  000912c19669999un\ar\\\\\\\\\0\\\c0rus\d
=022  0\$a0321-1215$l0321-1215$y0507-3871$20
=040  \\$aUk$beng$cUk$erda
=042  \\$aukblsr
=210  1\$aVopr. rus. lit.$b(Lʹvov)
=222  \0$aVoprosy russkoj literatury$b(Lʹvov)
=245  00$6880-01$aVoprosy russkoĭ literatury :$bmezhvuzovskiĭ nauchnyĭ sbornik /$credaktor V.P. Kazarin.
=264  \1$a[L'vov, Ukrainian S.S.R.] :$bIzd-vo Lʹvovskogo universiteta,$c1966-
=264  31$31993-$aSimferopolʹ :$bBiznes-Inform
=300  \\$avolumes ;$c21 cm
=310  \\$aTwo issues yearly,$b1972-1990
=321  \\$aThree issues yearly,$b1966-1971
=336  \\$atext$2rdacontent
=337  \\$aunmediated$2rdamedia
=338  \\$avolume$2rdacarrier
=362  1\$aBegan with 1966, vyp. 1.
=515  \\$aDual numbering used from 1993 e.g. 17 (2010) = Vyp 74.
=588  \\$aDescription based on Vypusk 25 (2013).
=588  \\$aLatest issue consulted: 2016, No.1-3 (35-37) = (92/94).
=650  \0$aRussian literature$xHistory and criticism$zUkraine$zCrimea$vPeriodicals.
=700  1\$aKazarin, V. P.$q(Vladimir Pavlovich),$eeditor.
=710  2\$aLʹvivsʹkyĭ derz︠h︡avnyĭ universytet im. Iv. Franka.
=710  2\$aChernivet︠s︡ʹkyĭ derz︠h︡avnyĭ universytet.
=710  2\$aKrymsʹkyĭ t︠s︡entr humanitarnykh doslidz︠h︡enʹ,$eissuing body.
=710  2\$aKrymskoe obshchestvo russkoĭ kulʹtury,$eissuing body.
=710  2\$aTavriĭsʹkyĭ nat︠s︡ionalʹnyĭ universytet im. V.I. Vernadsʹkoho,$eissuing body.
=785  01$tPytanni︠a︡ literaturoznavstva$x2306-2908
=852  41$aBritish Library$bHMNTS$jP.901/269$3Vyp. 1 (1966)-vyp. 61 (1999)***UKRR Retained Title***Set incomplete
=852  41$aBritish Library$bDSC$j0044.440000$3Issue 1 (1966)-Issue 58, pt. 2 (1991)***UKRR Retained Title***Stock Incomplete
=852  41$aBritish Library$bHMNTS$jZF.9.a.10449$3Vypusk 25, (2013), vyp. 26, (2013), vyp. 1/3, (2016), vyp. 4, (2016)
=880  00$6245-01$aВопросы русской литературы.
=985  \\$aRecord created in accordance with information on the ISSN Portal for ISSN 0321-1215. "Split" in 1993 treated as a continuation in part for "Pytannia literaturoznavstva" with ISSN 2306-2908, rather than a split in two as OCLC have done, as the title "Voprosy russkoĭ literatury" remains the same, the publisher changes. The ISSN 0507-3871 is a legacy record and looks like the same work as 0321-1215. Unfortunately, it is not possible to ask Ukrainian ISSN Centre to look into this at this time (ED 26.4.2022).
=CAT  \\$a11853$b40$c20141022$lBLL01$h1750
=CAT  \\$a11853$b40$c20141022$lBLL01$h1751
=CAT  \\$a11853$b40$c20141022$lBLL01$h1755
=CAT  \\$a11853$b40$c20141022$lBLL01$h1757
=CAT  \\$a11853$b40$c20141022$lBLL01$h1758
=CAT  \\$a11853$b40$c20150216$lBLL01$h1800
=CAT  \\$aBATCH-UPD$b40$c20180309$lBLL01$h2027
=CAT  \\$a8483$b40$c20220426$lBLL01$h1607
=CAT  \\$a8483$b40$c20220426$lBLL01$h1624
=CAT  \\$a8483$b40$c20220513$lBLL01$h1550
=FIN  \\$aY$d20141022
=FMT  \\$a  SE
=LAS  \\$a8483$b40$c20220513$lBLL01$h1550

