=LDR  04334cas a2200973 i 4500
=001  016900900
=003  Uk
=005  20211231154656.0
=007  ta
=008  141023c20139999maumr\p\\\\\\\0\\\a0eng\\
=022  0\$a2330-040X$y1521-3609
=040  \\$aUk$beng$cUk$erda
=042  \\$aukblsr
=082  04$a616.9$223
=222  \0$aNEJM journal watch. Infectious diseases
=245  00$aNEJM journal watch.$pInfectious diseases.
=246  3\$aNew England journal of medicine.$pInfectious diseases
=246  30$aInfectious diseases
=264  \1$aWaltham, MA :$bMassachusetts Medical Society,$c[2013]-
=300  \\$c28 cm
=310  \\$aMonthly
=336  \\$atext$2rdacontent
=337  \\$aunmediated$2rdamedia
=338  \\$avolume$2rdacarrier
=362  1\$aBegan in 2013.
=540  \\$aCurrent Copyright Fee: GBP29.39$c0$5Uk
=588  \\$aDescription based on: volume 18, number 1 (January 2015).
=588  \\$aLatest issue consulted: vol. 18, no. 7 (July 2015).
=650  \0$aCommunicable diseases$vPeriodicals.
=650  \0$aHIV infections$vPeriodicals.
=710  2\$aMassachusetts Medical Society.
=780  00$tJournal watch for infectious diseases$x1521-3609
=780  05$tNEJM journal watch. AIDS clinical care
=852  41$aBritish Library$bDSC$j6075.397000$3Vol. 18 (2015)-v. 23 (2020)
=945  \\$aNEJM journal watch infectious diseases
=959  \\$fHeld but not currently received
=985  \\$aWork record only on ISSN portal. 3/3/2015.
=ACF  \\$aPrevious Copyright Fee: GBP0.67$c0$e01-jul-2015$fGBP0.67$g0$hC$5Uk
=ACF  \\$aPrevious Copyright Fee: GBP0.65$c0$e01-oct-2015$fGBP0.65$g0$hC$5Uk
=ACF  \\$aPrevious Copyright Fee: GBP0.69$c0$e01-apr-2016$fGBP0.69$g0$hC$5Uk
=ACF  \\$aPrevious Copyright Fee: GBP0.74$c0$e01-oct-2016$fGBP0.74$g0$hC$5Uk
=ACF  \\$aPrevious Copyright Fee: GBP0.80$c0$e01-apr-2017$fGBP0.80$g0$hC$5Uk
=ACF  \\$aPrevious Copyright Fee: GBP0.76$c0$e01-oct-2017$fGBP0.76$g0$hC$5Uk
=ACF  \\$aPrevious Copyright Fee: GBP0.77$c0$e01-jan-2018$fGBP0.77$g0$hC$5Uk
=ACF  \\$aPrevious Copyright Fee: GBP0.71$c0$e01-apr-2018$fGBP0.71$g0$hC$5Uk
=ACF  \\$aPrevious Copyright Fee: GBP0.77$c0$e01-oct-2018$fGBP0.77$g0$hC$5Uk
=ACF  \\$aPrevious Copyright Fee: GBP0.80$c0$e01-oct-2019$fGBP0.80$g0$hC$5Uk
=ACF  \\$aPrevious Copyright Fee: GBP0.77$c0$e01-apr-2020$fGBP0.77$g0$hC$5Uk
=ACF  \\$aPrevious Copyright Fee: GBP32.00$c0$e01-jul-2020$fGBP32.00$g0$hC$5Uk
=ACF  \\$aPrevious Copyright Fee: GBP29.78$c0$e01-apr-2021$fGBP29.78$g0$hC$5Uk
=ACF  \\$aPrevious Copyright Fee: GBP28.90$c0$e01-jul-2021$fGBP28.90$g0$hC$5Uk
=CAT  \\$a8335$b40$c20141023$lBLL01$h0835
=CAT  \\$aBATCH-CLA$b00$c20170228$lBLL01$h1632
=CAT  \\$aIPL-CLA$c20170331$lBLL01$h1921
=CAT  \\$aBATCH-CLA$b00$c20170831$lBLL01$h1633
=CAT  \\$aIPL-CLA$c20170929$lBLL01$h1806
=CAT  \\$aBATCH-CLA$b00$c20171130$lBLL01$h1716
=CAT  \\$aIPL-CLA$c20171231$lBLL01$h1826
=CAT  \\$aBATCH-CLA$b00$c20180228$lBLL01$h1647
=CAT  \\$aIPL-CLA$c20180331$lBLL01$h1710
=CAT  \\$aBATCH-CLA$b00$c20180831$lBLL01$h1630
=CAT  \\$aIPL-CLA$c20180930$lBLL01$h1517
=CAT  \\$aBATCH-CLA$b00$c20190909$lBLL01$h1713
=CAT  \\$aIPL-CLA$c20190930$lBLL01$h1654
=CAT  \\$aBATCH-CLA$b00$c20200228$lBLL01$h1631
=CAT  \\$aIPL-CLA$c20200331$lBLL01$h1631
=CAT  \\$aBATCH-CLA$b00$c20200529$lBLL01$h1537
=CAT  \\$aIPL-CLA$c20200701$lBLL01$h0117
=CAT  \\$aBATCH-CLA$b00$c20210227$lBLL01$h1014
=CAT  \\$aIPL-CLA$c20210331$lBLL01$h1703
=CAT  \\$aBATCH-CLA$b00$c20210528$lBLL01$h1527
=CAT  \\$aIPL-CLA$c20210704$lBLL01$h1017
=CAT  \\$a8335$b40$c20210824$lBLL01$h1243
=CAT  \\$aBATCH-CLA$b00$c20210917$lBLL01$h1605
=CAT  \\$aIPL-CLA$c20210930$lBLL01$h1529
=CAT  \\$aBATCH-CLA$b00$c20211203$lBLL01$h0818
=CAT  \\$aIPL-CLA$c20211231$lBLL01$h1546
=CFI  0\$aCurrent Copyright Fee: GBP29.39$c0$e01-jan-2022$fGBP29.39$g0$hC$5Uk
=CFI  2\$aPrevious Copyright Fee: GBP28.39$c0$e01-oct-2021$fGBP28.39$g0$hC$5Uk
=FIN  \\$aY$d20150303
=FMT  \\$a  SE
=LAS  \\$aIPL-CLA$b00$c20211231$lBLL01$h1546
=LKR  \\$aPAR$b016483928$lBLL01$nNEJM journal watch. AIDS clinical care$mNEJM journal watch. Infectious diseases$r78005
=TOC  \\$aETOC

