=LDR  01689cas a2200493 i 4500
=001  016911943
=003  Uk
=005  20221004090718.0
=007  ta
=008  141028d2012201uenkar\p\\\\\\\0\\\a0eng\\
=015  \\$aGBB4B8581$2bnb
=016  \\$a016911943
=022  0\$y2333-7540
=040  \\$aUk$beng$cUk$dUk$erda
=042  \\$aukblsr
=082  04$a025.84$223
=245  00$aAnnual review of cultural heritage informatics.
=246  13$aARCHI
=250  \\$aUK edition.
=264  31$aLondon :$bFacet Publishing
=336  \\$atext$2rdacontent
=337  \\$aunmediated$2rdamedia
=338  \\$avolume$2rdacarrier
=362  0\$a2012/2013-
=500  \\$aFirst published in the USA by Rowman & Littlefield, 2014.
=650  \0$aDigital preservation$vPeriodicals.
=650  \0$aPreservation of materials$vPeriodicals.
=650  \0$aLibrary materials$xDigitization$vPeriodicals.
=650  \0$aArchival materials$xDigitization$vPeriodicals.
=650  \0$aInteractive multimedia$xData processing$vPeriodicals.
=650  \0$aCultural property$xData processing$vPeriodicals.
=852  11$aBritish Library$bHMNTS$cSPHOA$kHUR$h069.52$32012/2013
=852  41$aBritish Library$bHMNTS$jZC.9.a.9294$32012/2013
=985  \\$aUS ISSN still work record on ISSN portal
=CAT  \\$a8124$b40$c20141028$lBLL01$h1521
=CAT  \\$a8124$b40$c20141029$lBLL01$h0808
=CAT  \\$a8124$b40$c20141104$lBLL01$h1152
=CAT  \\$aBATCH-UPD$b40$c20151018$lBLL01$h1234
=CAT  \\$aWR16_021$c20160715$lBLL01$h1822
=CAT  \\$aBATCH-016$c20160905$lBLL01$h1725
=CAT  \\$a6490$b40$c20221004$lBLL01$h0907
=FIN  \\$aY$d20141028
=FMT  \\$a  SE
=LAS  \\$a6490$b40$c20221004$lBLL01$h0907

