=LDR  02054cas a2200469 i 4500
=001  016935301
=003  Uk
=005  20170524114048.0
=006  m\\\\\|\\d\|\\\\\\
=007  cr\|||||||||||
=008  141107c20009999enkar|\\os\\\\0\\\a0eng\\
=022  0\$a2313-7126
=040  \\$aUk$beng$cUk$erda
=042  \\$aukblsr
=082  04$a338.4763502105$223
=222  \0$aInternational statistics flowers and plants$b(Online)
=245  00$aInternational statistics flowers and plants /$cAIPH/ Union Fleurs.
=264  \1$aTheale, Reading, United Kingdom :$bInternational Association of Horticultural Producers,$c[2000]-
=300  \\$billustrations (colour)
=310  \\$aAnnual
=336  \\$atext$2rdacontent
=337  \\$acomputer$2rdamedia
=338  \\$aonline resource$2rdacarrier
=500  \\$a2016 edition available in three versions - "Full statistical yearbook", "Production data" and "Trade data".
=588  \\$aDescription based on: volume 62 (2014).
=588  \\$aLatest issue consulted: volume 64 (2016).
=650  \0$aHorticultural products industry$vStatistics$vPeriodicals.
=710  2\$aInternational Association of Horticultural Producers,$eissuing body.
=710  2\$aUnion fleurs,$eissuing body.
=776  08$iPrint version, 2000-2011:$tInternational statistics flowers and plants$x1567-4673
=776  08$iAlso issued on CD-ROM as:$tInternational statistics flowers and plants
=852  41$aBritish Library$bHMNTS$jELD Digital store$3Volume 62(2014)-
=856  4\$uhttp://www.aiph.org$zTo subscribe
=985  \\$aISSN Portal work level record unable to add 222 - 7/11/2014
=CAT  \\$a11316$b40$c20141107$lBLL01$h1329
=CAT  \\$a8483$b40$c20170524$lBLL01$h1140
=FIN  \\$aY$d20141107
=FMT  \\$a  SE
=LAS  \\$a8483$b40$c20170524$lBLL01$h1140
=LET  \0$aInternational statistics flowers and plants (Electronic)
=LKR  \\$aPAR$b007194294$lBLL01$nInternational statistics flowers and plants (Print)$mInternational statistics flowers and plants (Online)$r776
=STA  \\$aSUPPRESSED$bIngested as issues

