=LDR  01465cai a2200409 i 4500
=001  016938142
=003  Uk
=005  20141112073633.0
=007  ta
=008  141111c19uu9999enkuu\l\\f\\\\0\\\a2eng\\
=020  \\$a9781907229053 (loose-leaf)
=022  0\$a2057-2123
=040  \\$aUk$beng$cUk$erda
=041  \\$aeng$hara
=042  \\$aukblsr
=082  04$a346.536307$223
=222  \0$aBusiness laws of Qatar
=245  00$aBusiness laws of Qatar.
=264  \1$aNew Malden, Surrey :$bLexGulf Publisher Ltd
=300  \\$avolumes (loose-leaf) ;$c25 cm
=336  \\$atext$2rdacontent
=337  \\$aunmediated$2rdamedia
=338  \\$avolume$2rdacarrier
=500  \\$aSize does not include binder.
=530  \\$aAlso issued online.
=546  \\$aComprises translations from Arabic into English of Saudi Arabian business legislation, accompanied by commentaries in English.
=588  \\$aDescription based on: Release supplement 1 (2014) only.
=650  \0$aCommercial law$zQatar$vHandbooks, manuals, etc.
=852  41$aBritish Library$bHMNTS$jZC.9.a.9313$3Release 1 (2014)-
=985  \\$aDescription based on: Release supplement 1 (2014) only. No proper title page available
=985  \\$aDO NOTMERGE WITH ISSN RECORD ON 016938140
=CAT  \\$a8124$b40$c20141111$lBLL01$h0908
=CAT  \\$a8124$b40$c20141111$lBLL01$h0910
=CAT  \\$a8124$b40$c20141112$lBLL01$h0736
=FIN  \\$aY$d20141111
=FMT  \\$a  SE
=LAS  \\$a8124$b40$c20141112$lBLL01$h0736

