=LDR  02973cas a2200745 i 4500
=001  016953525
=003  Uk
=005  20230209233748.0
=007  ta
=008  141125d20142017enkqr\m\\\\\\\0\\\a0eng\\
=022  0\$a2312-508X
=040  \\$aUk$beng$cUk$erda
=042  \\$aukblsr
=082  04$a616.2$223
=210  0\$aERS monogr.$b(Print)
=222  \0$aERS monograph$b(Print)
=245  00$aERS monograph.
=264  \1$aSheffield :$bEuropean Respiratory Society
=310  \\$aQuarterly
=336  \\$atext$2rdacontent
=337  \\$aunmediated$2rdamedia
=338  \\$avolume$2rdacarrier
=362  0\$a64-
=500  \\$aEach issue also has a distinctive title.
=540  \\$aCurrent Copyright Fee: GBP17.50$c0$5Uk
=588  \\$aLatest issue consulted: 66, published in 2014.
=650  \0$aRespiratory organs$xDiseases$vPeriodicals.
=650  \0$aLungs$xDiseases$vPeriodicals.
=710  2\$aEuropean Respiratory Society.
=776  08$aAlso issued online as:$tERS monograph$x2312-5098
=780  00$tEuropean respiratory monograph
=852  41$aBritish Library$bDSC$j3810.772100$3Vol. 64 (2014)-Vol. 76 (2017)
=852  71$aBritish Library$bSTI$k(P)$hGV 45$m-E(37)$2blsrissc$3No. 64 (2014)-no. 70(2015)
=945  \\$aERS monograph
=959  \\$fHeld but not currently received
=985  \\$aISSN description based on: 'Cystic fibrosis': issue 64, published in 2014. IC ISSN assignment.
=ACF  \\$aPrevious Copyright Fee: GBP15.00$c0$e01-jan-2015$fGBP15.00$g0$hC$5Uk
=ACF  \\$aPrevious Copyright Fee: GBP15.45$c0$e01-jul-2016$fGBP15.45$g0$hC$5Uk
=ACF  \\$aPrevious Copyright Fee: GBP17.50$c0$e01-jan-2019$fGBP17.50$g0$hC$5Uk
=CAT  \\$a11315$b40$c20141125$lBLL01$h1043
=CAT  \\$a11315$b40$c20141125$lBLL01$h1044
=CAT  \\$a11315$b40$c20141125$lBLL01$h1049
=CAT  \\$a11315$b40$c20141125$lBLL01$h1106
=CAT  \\$aBATCH-CLA$b00$c20141128$lBLL01$h0926
=CAT  \\$a8483$b40$c20141212$lBLL01$h1342
=CAT  \\$aIPL-CLA$c20141231$lBLL01$h1705
=CAT  \\$a8483$b40$c20150113$lBLL01$h1103
=CAT  \\$a7164$b40$c20150120$lBLL01$h1558
=CAT  \\$a5410$b40$c20150303$lBLL01$h1506
=CAT  \\$aBATCH-CLA$b00$c20160531$lBLL01$h1619
=CAT  \\$aIPL-CLA$c20160630$lBLL01$h1606
=CAT  \\$a8411$b40$c20171019$lBLL01$h1658
=CAT  \\$aBATCH-CLA$b00$c20181130$lBLL01$h1604
=CAT  \\$aIPL-CLA$c20181231$lBLL01$h1554
=CAT  \\$aBATCH-CLA$b00$c20221130$lBLL01$h1435
=CAT  \\$aIPL-CLA$c20221231$lBLL01$h1453
=CAT  \\$aBATCH-CLA$b00$c20230209$lBLL01$h1523
=CAT  \\$aIPL-CLA$c20230209$lBLL01$h2337
=CFI  0\$aCurrent Copyright Fee: GBP17.50$c0$e09-feb-2023$fGBP17.50$g0$hC$5Uk
=CFI  2\$aBritish Library not licensed to copy$c0$e01-jan-2023$hC$iCFP Excluded$5Uk
=FIN  \\$aY$d20141125
=FMT  \\$a  SE
=LAS  \\$aIPL-CLA$b00$c20230209$lBLL01$h2337
=LKR  \\$aPAR$b007859103$lBLL01$r78000$mERS monograph (Print)$nEuropean respiratory monograph
=TOC  \\$aETOC

