=LDR  01457 as a2200445 i 4500
=001  016958051
=003  Uk
=005  20150512105343.0
=007  ta
=008  141127c20159999sp\wr\p\\\\\\\0\\\a0eng\\
=015  \\$aGBB556420$2bnb
=022  0\$a2057-4258
=040  \\$aUk$beng$cUk$erda
=042  \\$aukblsr
=082  04$a688.7221$223
=222  \0$aMonster High collection
=245  00$aMonster High collection.
=264  \1$a[Barcelona] :$bRBA Coleccionables SA,$c2015-
=300  \\$billustrations (colour) ;$c26 cm +$efashion doll
=310  \\$aWeekly
=336  \\$atext$2rdacontent
=336  \\$athree-dimensional form$2rdacontent
=337  \\$aunmediated$2rdamedia
=338  \\$avolume$2rdacarrier
=338  \\$aobject$2rdacarrier
=362  0\$aIssue 1-
=500  \\$aAccompanied by fashion dolls.
=500  \\$aMagazine 26 cm attached to card holder 34 x 46 cm.
=650  \0$aFashion dolls$vPeriodicals.
=650  \0$aFashion dolls$vJuvenile literature.
=852  41$32$aBritish Library$bHMNTS$jCup.938/775$3Issue 1 (2015)- issue 5 (2015)
=985  \\$aISSN transferred to ISSN Spain from ISSN UK, May 12 2015.
=CAT  \\$a11315$b40$c20141127$lBLL01$h1149
=CAT  \\$a8483$b40$c20150430$lBLL01$h0947
=CAT  \\$a8483$b40$c20150430$lBLL01$h0950
=CAT  \\$a8483$b40$c20150430$lBLL01$h0951
=CAT  \\$a11313$b40$c20150512$lBLL01$h1053
=FIN  \\$aY$d20150430
=FMT  \\$a  SE
=LAS  \\$a11313$b40$c20150512$lBLL01$h1053

