=LDR  04360cas a2200985 i 4500
=001  016969247
=003  Uk
=005  20220930142930.0
=006  m\\\\\\\\d\\\\\\\\
=007  cr\|||||||||||
=008  141205c20159999xxuqr\p\o\\\\\0\\\a0eng\\
=022  \\$a2332-0265
=040  \\$aUk$beng$cUk$erda
=042  \\$aukblsr
=082  04$a615.19$223
=245  00$aDrug repurposing, rescue, and repositioning.
=264  \1$a[New Rochelle, NY] :$bMary Ann Liebert, Inc.,$c2015-
=310  \\$aQuarterly
=336  \\$atext$2rdacontent
=337  \\$acomputer$2rdamedia
=338  \\$aonline resource$2rdacarrier
=362  0\$aVolume 1, issue 1 (March 2015)-
=500  \\$aTitle from table of contents (publisher's Web site, viewed March 18, 2015).
=540  \\$aCurrent copyright fee: GBP42.50$c18\0$5Uk
=590  \\$aUnavailable for ingest. Title purchased with no perpetual access.
=650  \0$aDrug development$vPeriodicals.
=650  \0$aPharmaceutical industry$vPeriodicals.
=852  41$aBritish Library$bDSC$j3629.379000
=856  \\$31850-9999$uhttp://www.liebertpub.com/$xBLDSS
=856  40$uhttp://www.liebertpub.com/drrr
=945  \\$aDrug repurposing rescue and repositioning
=959  \\$fHeld but not currently received
=985  \\$aISSN Work level record 222 not added.
=ACF  \\$aPrevious copyright fee: GBP30.91$c18\0$e01-jan-2015$fGBP30.91$g0$hP$5Uk
=ACF  \\$aPrevious copyright fee: GBP32.90$c18\0$e01-apr-2015$fGBP32.90$g0$hP$5Uk
=ACF  \\$aPrevious copyright fee: GBP34.00$c18\0$e01-jul-2015$fGBP34.00$g0$hP$5Uk
=ACF  \\$aPrevious copyright fee: GBP32.90$c18\0$e01-oct-2015$fGBP32.90$g0$hP$5Uk
=ACF  \\$aPrevious copyright fee: GBP35.17$c18\0$e01-apr-2016$fGBP35.17$g0$hP$5Uk
=ACF  \\$aPrevious copyright fee: GBP37.78$c18\0$e01-oct-2016$fGBP37.78$g0$hP$5Uk
=ACF  \\$aPrevious copyright fee: GBP40.80$c18\0$e01-apr-2017$fGBP40.80$g0$hP$5Uk
=ACF  \\$aPrevious copyright fee: GBP39.23$c18\0$e01-oct-2017$fGBP39.23$g0$hP$5Uk
=ACF  \\$aPrevious copyright fee: GBP36.43$c18\0$e01-apr-2018$fGBP36.43$g0$hP$5Uk
=ACF  \\$aPrevious copyright fee: GBP39.23$c18\0$e01-oct-2018$fGBP39.23$g0$hP$5Uk
=ACF  \\$aPrevious copyright fee: GBP40.80$c18\0$e01-oct-2019$fGBP40.80$g0$hP$5Uk
=ACF  \\$aPrevious copyright fee: GBP39.23$c18\0$e01-apr-2020$fGBP39.23$g0$hP$5Uk
=ACF  \\$aPrevious copyright fee: GBP40.80$c18\0$e01-jul-2020$fGBP40.80$g0$hP$5Uk
=ACF  \\$aPrevious copyright fee: GBP37.78$c18\0$e01-apr-2021$fGBP37.78$g0$hP$5Uk
=ACF  \\$aPrevious copyright fee: GBP36.43$c18\0$e07-jul-2021$fGBP36.43$g0$hP$5Uk
=CAT  \\$a8055$b40$c20141205$lBLL01$h1415
=CAT  \\$aBATCH-UPD$b00$c20160524$lBLL01$h2307
=CAT  \\$aBATCH-UPD$b00$c20160824$lBLL01$h1732
=CAT  \\$aIPL-CLA$c20160930$lBLL01$h1643
=CAT  \\$aBATCH-UPD$b00$c20170216$lBLL01$h1819
=CAT  \\$aIPL-CLA$c20170331$lBLL01$h1922
=CAT  \\$aBATCH-UPD$b00$c20170904$lBLL01$h1824
=CAT  \\$aIPL-CLA$c20170929$lBLL01$h1807
=CAT  \\$aBATCH-UPD$b00$c20180223$lBLL01$h1640
=CAT  \\$aIPL-CLA$c20180331$lBLL01$h1710
=CAT  \\$aBATCH-UPD$b00$c20180823$lBLL01$h1924
=CAT  \\$aIPL-CLA$c20180930$lBLL01$h1517
=CAT  \\$aBATCH-UPD$b00$c20190829$lBLL01$h1510
=CAT  \\$aIPL-CLA$c20190930$lBLL01$h1654
=CAT  \\$aBATCH-UPD$b00$c20200219$lBLL01$h1454
=CAT  \\$aIPL-CLA$c20200331$lBLL01$h1632
=CAT  \\$aBATCH-UPD$b00$c20200522$lBLL01$h1442
=CAT  \\$aIPL-CLA$c20200701$lBLL01$h0117
=CAT  \\$aBATCH-UPD$b00$c20210226$lBLL01$h1023
=CAT  \\$aIPL-CLA$c20210331$lBLL01$h1703
=CAT  \\$aBATCH-UPD$b00$c20210707$lBLL01$h1547
=CAT  \\$aIPL-CLA$c20210707$lBLL01$h1844
=CAT  \\$aBATCH-UPD$b00$c20220520$lBLL01$h1623
=CAT  \\$aIPL-CLA$c20220630$lBLL01$h1540
=CAT  \\$aBATCH-UPD$b00$c20220824$lBLL01$h0851
=CAT  \\$aIPL-CLA$c20220930$lBLL01$h1429
=CFI  0\$aCurrent copyright fee: GBP42.50$c18\0$e01-oct-2022$fGBP42.50$g0$hP$5Uk
=CFI  2\$aPrevious copyright fee: GBP40.80$c18\0$e01-jul-2022$fGBP40.80$g0$hP$5Uk
=EST  \\$a1
=FFP  \\$aY$bBLDSS-3PM
=FIN  \\$aY$d20150318
=FMT  \\$a  SE
=LAS  \\$aIPL-CLA$b00$c20220930$lBLL01$h1429
=LET  \0$aDrug repurposing, rescue, and repositioning (Electronic)
=MNI  \\$a2332-0257
=TOC  \\$aETOC
=UNO  \\$aY

