=LDR  03643cas a2200793 i 4500
=001  017018204
=003  Uk
=005  20230210011223.0
=007  ta
=008  150120d20122017enkar\p\\\\\\\0\\\a0eng\\
=022  \\$y1479-1927
=040  \\$aUk$beng$cUk$dUk$erda
=042  \\$aukblsr
=082  04$a616.07$223
=130  0\$aHospital healthcare Europe. Laboratories (2012)
=245  10$aHospital heathcare Europe.$pLaboratories (2012).
=246  3\$aHospital heathcare Europe.$pLaboratories ; IT & communications,$f2013
=264  \1$aLondon :$bCogora Limited,$c[2012]-2017.
=300  \\$a6 volumes :$billustrations (colour) ;$c30 cm
=310  \\$aAnnual
=336  \\$atext$2rdacontent
=337  \\$aunmediated$2rdamedia
=338  \\$avolume$2rdacarrier
=362  1\$aBegan with 2012 issue.
=362  0\$a-2017.
=540  \\$aCurrent Copyright Fee: GBP25.00$c0$5Uk
=588  \\$aDescription based on: 2014 issue.
=588  \\$aLatest issue consulted: [surrogate] 2017.
=650  \0$aDiagnosis, Laboratory$vPeriodicals.
=650  \0$aHospital laboratories$zEurope$vPeriodicals.
=650  \0$aMedical care$xInformation technology$vPeriodicals.
=780  01$tHospital healthcare Europe. Laboratories ; Cardiology
=780  06$tHospital healthcare Europe. Facilities management ; IT & communications$g2013$x2044-4664
=785  00$tHospital healthcare Europe. Pathology and diagnostics$x2631-9314
=785  01$tHospital healthcare Europe. IT & communications ; Radiology & imaging$g2014
=852  11$aBritish Library$bSTI$cBIPC$k(P)$h616.07$m-E (1)$32014-2018***Current issue***Title now taken as electronic copy
=985  \\$aDiscussed with ISSN Centre (SF) - no new ISSN assigned as title(s) unstable - merging/splitting freqently (MP, 20/1/15).
=ACF  \\$aPrevious Copyright Fee: GBP12.30$c0$e01-apr-2015$fGBP12.30$g0$hC$5Uk
=ACF  \\$aPrevious Copyright Fee: GBP15.00$c0$e01-jan-2017$fGBP15.00$g0$hC$5Uk
=ACF  \\$aPrevious Copyright Fee: GBP17.50$c0$e01-jan-2018$fGBP17.50$g0$hC$5Uk
=ACF  \\$aPrevious Copyright Fee: GBP20.00$c0$e01-jan-2020$fGBP20.00$g0$hC$5Uk
=ACF  \\$aPrevious Copyright Fee: GBP22.50$c0$e01-jan-2021$fGBP22.50$g0$hC$5Uk
=CAT  \\$a5997$b40$c20150120$lBLL01$h0802
=CAT  \\$a5997$b40$c20150120$lBLL01$h0803
=CAT  \\$a5997$b40$c20150127$lBLL01$h1120
=CAT  \\$a5997$b40$c20150127$lBLL01$h1138
=CAT  \\$aBATCH-CLA$b00$c20150227$lBLL01$h1632
=CAT  \\$aIPL-CLA$c20150331$lBLL01$h1731
=CAT  \\$aBATCH-CLA$b00$c20161130$lBLL01$h1649
=CAT  \\$aIPL-CLA$c20161231$lBLL01$h0021
=CAT  \\$aBATCH-CLA$b00$c20171130$lBLL01$h1717
=CAT  \\$aIPL-CLA$c20171231$lBLL01$h1827
=CAT  \\$a8323$b40$c20181116$lBLL01$h1453
=CAT  \\$a8323$b40$c20181121$lBLL01$h1158
=CAT  \\$aBATCH-CLA$b00$c20191129$lBLL01$h1632
=CAT  \\$aIPL-CLA$c20191231$lBLL01$h2040
=CAT  \\$aBATCH-CLA$b00$c20201126$lBLL01$h1422
=CAT  \\$aIPL-CLA$c20201231$lBLL01$h2343
=CAT  \\$aBATCH-CLA$b00$c20221130$lBLL01$h1502
=CAT  \\$aIPL-CLA$c20221231$lBLL01$h2332
=CAT  \\$aBATCH-CLA$b00$c20230209$lBLL01$h1548
=CAT  \\$aIPL-CLA$c20230210$lBLL01$h0112
=CFI  0\$aCurrent Copyright Fee: GBP25.00$c0$e09-feb-2023$fGBP25.00$g0$hC$5Uk
=CFI  2\$aBritish Library not licensed to copy$c0$e01-jan-2023$hC$iCFP Excluded$5Uk
=FIN  \\$aY$d20150120
=FMT  \\$a  SE
=LAS  \\$aIPL-CLA$b00$c20230210$lBLL01$h0112
=LET  \0$aHospital healthcare Europe. Laboratories
=LKR  \\$aPAR$b015756398$lBLL01$nHospital healthcare Europe. Laboratories ; Cardiology$mHospital healthcare Europe. Laboratories (2012)$r78001

