=LDR  03172cas a2200625 i 4500
=001  017021825
=003  Uk
=005  20170615144152.0
=006  m\\\\\|\\d\|\\\\\\
=007  cr\|||||||||||
=008  150122c20069999enkuu\p\o\\\\\0\\\a0eng\\
=015  \\$aGBB510028$2bnb
=040  \\$aUk$beng$cUk$erda
=042  \\$aukblsr
=082  04$a305.896094105$223
=245  00$aBlack bright news :$bthe magazine for aspiring blacks.
=246  1\$iMinor title change:$aBlack bright$f<issue 26, 2011>
=246  13$aBlackbright news
=246  13$aBlackbright news magazine
=264  \1$a[Luton] :$bBlackbright News
=336  \\$atext$2rdacontent
=337  \\$acomputer$2rdamedia
=338  \\$aonline resource$2rdacarrier
=362  1\$aPrint began with issue no. 1 (May 2006).
=515  \\$aSome issues lack chronological or numerical designation.
=588  \\$aDescription based on print version record.
=588  \\$aLatest issue consulted: issue 43 (issuu Website, viewed January 26, 2015).
=650  \0$aBlack people$zGreat Britain$xSocial life and customs$vPeriodicals.
=650  \0$aBlack people$xEthnic identity$vPeriodicals.
=650  \0$aBlack people$xSocial networks$zGreat Britain$vPeriodicals.
=650  \0$aBlack people$xCultural assimilation$zGreat Britain$vPeriodicals.
=690  7\$aSocial Welfare$2blcoll
=787  08$iSome issues only produced in print:$tBlack bright news$x1751-1909
=852  41$aBritish Library$bHMNTS$jELD Digital store$3Issue 5(2007:Dec.)-
=856  40$uhttp://issuu.com/blackbrightnews
=859  \\$aELD$bejournal
=985  \\$aI think this may have gone from print and then online only (issue 8 - "this is now an online only publication") to now being predominantly online, with some hard copy issues being sponsored, OR with some issues online and some in print; see issue 41 (June 2014) and 44 (Oct 2014) re sponsoring hard copies; see statement in issue 44 "next couple of issues will be hard copies"; if it turns out that the online is/becomes predominant, please assign ISSN to it.
=985  \\$aMost recent issue received (Jan. 2017) was electronic with statement from publisher that "It has not been possible to print hard copies of this edition". Have instructed LDO Electronic team to have print and electronic both open as the formats have not obvious pattern. ED 15/6/2017
=CAT  \\$a10902$b40$c20150122$lBLL01$h1345
=CAT  \\$a10902$b40$c20150122$lBLL01$h1355
=CAT  \\$a3072$b40$c20150126$lBLL01$h1417
=CAT  \\$a3072$b40$c20150126$lBLL01$h1428
=CAT  \\$a3072$b40$c20150126$lBLL01$h1503
=CAT  \\$aWR15_120$c20150910$lBLL01$h1829
=CAT  \\$aBATCH-SWP$c20150918$lBLL01$h2211
=CAT  \\$a8483$b40$c20170615$lBLL01$h1441
=CAT  \\$aW1711-1005$c20171206$lBLL01$h1828
=CAT  \\$a11249$b40$c20221025$lBLL01$h1608
=CAT  \\$a11249$b40$c20230112$lBLL01$h1244
=CAT  \\$a11249$b40$c20230112$lBLL01$h1610
=CAT  \\$a11249$b40$c20230119$lBLL01$h1259
=FIN  \\$aY$d20150126
=FMT  \\$a  SE
=LAS  \\$a11249$b40$c20230119$lBLL01$h1259
=LKR  \\$aPAR$b013452209$lBLL01$nBlackbright news magazine (Print)$mBlackbright news magazine (Online)$r787

