=LDR  02724 as a2200709 i 4500
=001  017022748
=003  Uk
=005  20180907115401.0
=006  m\\\\\|\\d\|\\\\\\
=007  cr\|||||||||||
=008  150123c20159999cauuu\p\o\\\\\0\\\a0eng\\
=015  \\$aGBB556415$2bnb
=022  0\$a2373-6658
=037  \\$aAPN$bSage (UK) Ltd
=040  \\$aUk$beng$cUk$erda
=042  \\$aukblsr
=082  04$a362.108995073$223
=245  00$aAsian/Pacific Island nursing journal.
=246  13$aAPN
=264  \1$a[Thousand Oaks, California] :$bSAGE Publications Inc.,$c2015-
=336  \\$atext$2rdacontent
=337  \\$acomputer$2rdamedia
=338  \\$aonline resource$2rdacarrier
=362  0\$aApril/June 2015-
=500  \\$aTitle from journal table of contents page (SAGE journals, viewed April 30, 2015).
=540  \\$aCurrent copyright fee: zero$c103\0$5Uk
=550  \\$a"Official journal of the Asian American/Pacific Islander Nurses Association, Inc."
=650  \0$aAsian Americans$xHealth and hygiene$vPeriodicals.
=650  \0$aAsian Americans$xMedical care$vPeriodicals.
=650  \0$aAsian Americans$xServices for$vPeriodicals.
=650  \0$aPacific Islanders$xHealth and hygiene$vPeriodicals.
=650  \0$aPacific Islanders$xMedical care$vPeriodicals.
=650  \0$aPacific Islanders$xServices for$vPeriodicals.
=690  7\$aSocial Welfare$2blcoll
=710  2\$aAsian American/Pacific Islander Nurses Association,$eissuing body.
=852  41$aBritish Library$bHMNTS$jELD Digital store$3Volume 1:Number 1(2015)
=856  \\$31850-9999$uhttp://www.sagepublications.com/$xBLDSS
=856  40$uhttp://www.uk.sagepub.com/journals/Journal202326
=859  \\$aELD$bejournal
=945  \\$aAsian Pacific Island nursing journal.
=979  \\$aBritish Library$bDSC$j1742.705247N
=985  \\$aKey title not added, work record on ISSN Portal.
=CAT  \\$a8411$b40$c20150123$lBLL01$h1204
=CAT  \\$a11205$b40$c20150430$lBLL01$h0937
=CAT  \\$a11205$b40$c20150430$lBLL01$h0940
=CAT  \\$aBATCH-SWP$c20150508$lBLL01$h2209
=CAT  \\$a5552$b40$c20160216$lBLL01$h1548
=CAT  \\$aBLDSS-3PM$b00$c20160225$lBLL01$h1643
=CAT  \\$aBATCH-UPD$b00$c20160413$lBLL01$h1828
=CAT  \\$aBATCH-UPD$b00$c20160524$lBLL01$h2306
=CAT  \\$aBATCH-UPD$b00$c20160525$lBLL01$h0717
=CAT  \\$a5552$b40$c20161125$lBLL01$h0850
=CAT  \\$aW1711-1005$c20171206$lBLL01$h1828
=CAT  \\$a8871$b40$c20180907$lBLL01$h1154
=CFI  0\$aCurrent copyright fee: zero$c103\0$e16-feb-2016$fGBP0.00$g0$hP$5Uk
=FFP  \\$aY$bBLDSS-3PM
=FIN  \\$aY$d20150430
=FMT  \\$a  SE
=LAS  \\$a8871$b40$c20180907$lBLL01$h1154
=MNI  \\$a2373-6658
=TOC  \\$aETOC
=UNO  \\$aY

