=LDR  02450 as a2200517 i 4500
=001  017028008
=003  Uk
=005  20181121115712.0
=007  ta
=008  150127d201u2014enkar\p\\\\\\\0\\\a0eng\\
=015  \\$aGBB510344$2bnb
=022  0\$y1479-1935
=040  \\$aUk$beng$cUk$dUk$erda
=042  \\$aukblsr
=082  04$a615$223
=245  00$aHospital healthcare Europe.$pPharmacy & therapeutics ; Facilities management.
=264  \1$aLondon :$bCogora,$c-[2014]
=300  \\$billustrations (black and white, and colour) ;$c30 cm
=310  \\$aAnnual
=336  \\$atext$2rdacontent
=337  \\$aunmediated$2rdamedia
=338  \\$avolume$2rdacarrier
=550  \\$aThe official HOPE reference book.
=580  \\$aSplit into: Hospital healthcare Europe. Facilities management, and: Hospital healthcare Europe. Pharmacy & therapeutics.
=588  \\$aDescription based on: 2014 issue.
=650  \0$aHospital pharmacies$zEurope$vPeriodicals.
=650  \0$aHealth facilities$zEurope$vPeriodicals.
=710  2\$aEuropean Hospital and Healthcare Federation,$eissuing body.
=780  00$tHospital healthcare Europe. Pharmacy & therapeutics$x1479-1935
=780  01$tHospital healthcare Europe. Facilities management ; IT & communications$x2044-4664
=785  16$tHospital healthcare Europe. Facilities management
=785  16$tHospital healthcare Europe. Pharmacy & therapeutics (2015)
=852  11$aBritish Library$bSTI$cBIPC$k(P)$h615$m-E(2)$32014***Current issue
=985  \\$aDiscussed with ISSN Centre (SF) - no new ISSN assigned as title(s) unstable - merging/splitting frequently (MP, 20/1/15).
=CAT  \\$a5997$b40$c20150127$lBLL01$h0929
=CAT  \\$a5997$b40$c20150127$lBLL01$h1102
=CAT  \\$a5997$b40$c20150127$lBLL01$h1125
=CAT  \\$a11205$b40$c20160311$lBLL01$h1142
=CAT  \\$a8323$b40$c20181121$lBLL01$h1119
=CAT  \\$a8323$b40$c20181121$lBLL01$h1157
=FIN  \\$aY$d20150127
=FMT  \\$a  SE
=LAS  \\$a8323$b40$c20181121$lBLL01$h1157
=LET  \0$aHospital healthcare Europe. pharmacy & therapeutics ; facilities management.
=LKR  \\$aPAR$b007029532$lBLL01$nHospital healthcare Europe. Pharmacy & therapeutics$mHospital healthcare Europe. Pharmacy & therapeutics ; facilities management$r78000
=LKR  \\$aPAR$b015568471$lBLL01$nHospital healthcare Europe. Facilities management ; IT & communications$mHospital healthcare Europe. Pharmacy & therapeutics ; facilities management$r78001

