=LDR  03460cas a2200745 i 4500
=001  017028063
=003  Uk
=005  20230210011223.0
=007  ta
=008  150127d20142014enkar\p\\\\\\\0\\\a0eng\\
=022  0\$y1479-1927
=040  \\$aUk$beng$cUk$dUk$erda
=042  \\$aukblsr
=082  04$a616.075$223
=245  00$aHospital healthcare Europe.$pIT & communications ; Radiology & imaging.
=264  \1$aLondon :$bCogora Limited,$c2014.
=300  \\$billustrations (black and white, and colour) ;$c30 cm
=310  \\$aAnnual
=336  \\$atext$2rdacontent
=337  \\$aunmediated$2rdamedia
=338  \\$avolume$2rdacarrier
=362  0\$a2014.
=540  \\$aCurrent Copyright Fee: GBP25.00$c0$5Uk
=550  \\$aThe official HOPE reference book.
=580  \\$aSplit into: Hospital healthcare Europe. IT & communications, and: Hospital healthcare Europe. Radiology & imaging.
=650  \0$aMedical radiology$vPeriodicals.
=650  \0$aDiagnostic imaging$vPeriodicals.
=650  \0$aHospitals$xInformation technology$zEurope$vPeriodicals.
=710  2\$aEuropean Hospital and Healthcare Federation,$eissuing body.
=780  01$tHospital healthcare Europe. Laboratories (2012)
=780  01$tHospital healthcare Europe. Radiology & imaging ; Facilities management
=785  16$tHospital healthcare Europe. IT & communications (2015)
=785  16$tHospital healthcare Europe. Radiology & imaging (2015)
=852  11$aBritish Library$bSTI$k(P)$h616.075$m- E(3)$32014***Current issue
=985  \\$aDiscussed with ISSN Centre (SF) - no new ISSN assigned as title(s) unstable - merging/splitting frequently (MP, 20/1/15).
=ACF  \\$aPrevious Copyright Fee: GBP12.30$c0$e01-apr-2015$fGBP12.30$g0$hC$5Uk
=ACF  \\$aPrevious Copyright Fee: GBP15.00$c0$e01-jan-2017$fGBP15.00$g0$hC$5Uk
=ACF  \\$aPrevious Copyright Fee: GBP17.50$c0$e01-jan-2018$fGBP17.50$g0$hC$5Uk
=ACF  \\$aPrevious Copyright Fee: GBP20.00$c0$e01-jan-2020$fGBP20.00$g0$hC$5Uk
=ACF  \\$aPrevious Copyright Fee: GBP22.50$c0$e01-jan-2021$fGBP22.50$g0$hC$5Uk
=CAT  \\$a5997$b40$c20150127$lBLL01$h1107
=CAT  \\$a5997$b40$c20150203$lBLL01$h0941
=CAT  \\$aBATCH-CLA$b00$c20150227$lBLL01$h1632
=CAT  \\$aIPL-CLA$c20150331$lBLL01$h1731
=CAT  \\$a11205$b40$c20160311$lBLL01$h1239
=CAT  \\$aBATCH-CLA$b00$c20161130$lBLL01$h1649
=CAT  \\$aIPL-CLA$c20161231$lBLL01$h0022
=CAT  \\$aBATCH-CLA$b00$c20171130$lBLL01$h1717
=CAT  \\$aIPL-CLA$c20171231$lBLL01$h1828
=CAT  \\$a8323$b40$c20181121$lBLL01$h0955
=CAT  \\$aBATCH-CLA$b00$c20191129$lBLL01$h1632
=CAT  \\$aIPL-CLA$c20191231$lBLL01$h2040
=CAT  \\$aBATCH-CLA$b00$c20201126$lBLL01$h1422
=CAT  \\$aIPL-CLA$c20201231$lBLL01$h2343
=CAT  \\$aBATCH-CLA$b00$c20221130$lBLL01$h1502
=CAT  \\$aIPL-CLA$c20221231$lBLL01$h2332
=CAT  \\$aBATCH-CLA$b00$c20230209$lBLL01$h1548
=CAT  \\$aIPL-CLA$c20230210$lBLL01$h0112
=CFI  0\$aCurrent Copyright Fee: GBP25.00$c0$e09-feb-2023$fGBP25.00$g0$hC$5Uk
=CFI  2\$aBritish Library not licensed to copy$c0$e01-jan-2023$hC$iCFP Excluded$5Uk
=FIN  \\$aY$d20150127
=FMT  \\$a  SE
=LAS  \\$aIPL-CLA$b00$c20230210$lBLL01$h0112
=LET  \0$aHospital healthcare Europe. IT & communications ; radiology & imaging
=LKR  \\$aPAR$b017018204$lBLL01$nHospital healthcare Europe. Laboratories$mHospital healthcare Europe. IT & communications ; Radiology & imaging$r78001

