=LDR  04092cas a2200937 i 4500
=001  017043377
=003  Uk
=005  20221231145323.0
=006  m\\\\\|\\d\|\\\\\\
=007  cr\|||||||||||
=008  150206c20159999enkqx\p\\\\\\\0\\\a0eng\\
=015  \\$aGBB5G3543$2bnb
=022  \\$a2332-2381
=037  \\$bPortico$aISSN_23322373_21$nTaylor & Francis
=040  \\$aUk$beng$cUk$erda
=042  \\$aukblsr
=082  04$a658.009605$223
=245  00$aAfrica journal of management.
=246  13$aAJOM
=264  \1$a[Abingdon] :$bRoutledge, Taylor & Francis Group,$c2015-
=310  \\$aFour times a year
=336  \\$atext$2rdacontent
=337  \\$acomputer$2rdamedia
=338  \\$aonline resource$2rdacarrier
=362  0\$aVol. 1, no. 1 (2015)-
=500  \\$aTitle from PDF article (Taylor & Francis Online, viewed November 11, 2015).
=540  \\$aCurrent copyright fee: GBP37.00$c2\0$5Uk
=588  \\$aLatest issue consulted: volume 1, issue 3, 2015 (viewed November 11, 2015).
=650  \0$aManagement$zAfrica$vPeriodicals.
=650  \0$aManagement science$zAfrica$vPeriodicals.
=690  7\$aManagement and Business Studies$2blcoll
=710  2\$aAfrica Academy of Management,$eissuing body.
=776  08$iAlso issued in print as:$tAfrica journal of management$x2332-2373
=852  41$aBritish Library$bHMNTS$jELD Digital store$3Volume 2:Number 1(2016)-***Previous issues available in print copy
=856  \\$31850-9999$uhttp://www.tandfonline.com/$xBLDSS
=856  40$uhttp://www.tandfonline.com/loi/rajm20#.VkNX6pUnyig
=859  \\$aELD$bejournal
=945  \\$aAfrica journal of management.
=979  \\$aBritish Library$bDSC$j0732.160736N
=985  \\$a3rd party access title for Remote supply please retain as base record when merging/deleting
=985  \\$aWork level record only on ISSN Portal - Key title not added.
=ACF  \\$aPrevious copyright fee: GBP25.00$c2\0$e06-feb-2015$fGBP25.00$g0$hP$5Uk
=ACF  \\$aPrevious copyright fee: GBP26.00$c2\0$e01-jan-2016$fGBP26.00$g0$hP$5Uk
=ACF  \\$aPrevious copyright fee: GBP28.00$c2\0$e01-jan-2017$fGBP28.00$g0$hP$5Uk
=ACF  \\$aPrevious copyright fee: GBP30.00$c2\0$e01-jan-2018$fGBP30.00$g0$hP$5Uk
=ACF  \\$aPrevious copyright fee: GBP32.00$c2\0$e01-jan-2019$fGBP32.00$g0$hP$5Uk
=ACF  \\$aPrevious copyright fee: GBP34.00$c2\0$e01-jan-2020$fGBP34.00$g0$hP$5Uk
=CAT  \\$a5552$b40$c20150206$lBLL01$h1130
=CAT  \\$aBLDSS-3PM$b00$c20150513$lBLL01$h0807
=CAT  \\$a11316$b40$c20151111$lBLL01$h1507
=CAT  \\$aBATCH-UPD$b40$c20151119$lBLL01$h1546
=CAT  \\$a11296$b40$c20151126$lBLL01$h0815
=CAT  \\$aBATCH-MBS$c20151204$lBLL01$h2051
=CAT  \\$aIPL-CLA$c20151231$lBLL01$h1936
=CAT  \\$a8037$b40$c20160120$lBLL01$h1438
=CAT  \\$aBATCH-UPD$b40$c20160413$lBLL01$h1828
=CAT  \\$aBATCH-UPD$b40$c20160526$lBLL01$h0606
=CAT  \\$a5552$b40$c20161007$lBLL01$h1337
=CAT  \\$aBATCH-UPD$b40$c20161122$lBLL01$h1515
=CAT  \\$aIPL-CLA$c20161231$lBLL01$h0022
=CAT  \\$aBATCH-UPD$b00$c20171121$lBLL01$h1651
=CAT  \\$aW1711-1005$c20171206$lBLL01$h1828
=CAT  \\$aIPL-CLA$c20171231$lBLL01$h1828
=CAT  \\$aBATCH-UPD$b00$c20181217$lBLL01$h1641
=CAT  \\$aIPL-CLA$c20181231$lBLL01$h1554
=CAT  \\$aBATCH-UPD$b00$c20191122$lBLL01$h1903
=CAT  \\$aIPL-CLA$c20191231$lBLL01$h2040
=CAT  \\$aBATCH-UPD$b00$c20201118$lBLL01$h1337
=CAT  \\$aIPL-CLA$c20201231$lBLL01$h1533
=CAT  \\$aBATCH-UPD$b00$c20221121$lBLL01$h1350
=CAT  \\$aIPL-CLA$c20221231$lBLL01$h1453
=CFI  0\$aCurrent copyright fee: GBP37.00$c2\0$e01-jan-2023$fGBP37.00$g0$hP$5Uk
=CFI  2\$aPrevious copyright fee: GBP35.00$c2\0$e01-jan-2021$fGBP35.00$g0$hP$5Uk
=FFP  \\$aY$bBLDSS-3PM
=FIN  \\$aY$d20151111
=FMT  \\$a  SE
=LAS  \\$aIPL-CLA$b00$c20221231$lBLL01$h1453
=LET  \0$aAfrica journal of management (Electronic)
=LKR  \\$aPAR$b017494857$lBLL01$nAfrica journal of management (Print)$mAfrica journal of management (Online)$r776
=MNI  \\$a2332-2373
=TOC  \\$aETOC

