=LDR  03827cas a2200889 i 4500
=001  017043597
=003  Uk
=005  20221231145323.0
=006  m\\\\\|\\d\|\\\\\\
=007  cr\|||||||||||
=008  150206c20159999xxuqr\p\\\\\\\0\\\a0eng\\
=015  \\$aGBB5H0506$2bnb
=022  0\$a2373-4841
=037  \\$aISSN_23734833_21$bPortico$nTaylor & Francis
=040  \\$aUk$beng$cUk$erda
=042  \\$aukblsr
=082  04$a792.8071$223
=245  00$aDance education in practice.
=264  \1$a[United States] :$bRoutledge, Taylor & Francis Group,$c2015-
=336  \\$atext$2rdacontent
=337  \\$acomputer$2rdamedia
=338  \\$aonline resource$2rdacarrier
=362  0\$aVolume 1, issue 1 (2015)-
=500  \\$aTitle from table of contents page (Taylor & Francis Online, viewed December 1, 2015).
=530  \\$aIssued also in print.
=540  \\$aCurrent copyright fee: GBP37.00$c2\0$5Uk
=550  \\$a"Official journal of the National Dance Education Organization."
=588  \\$aLatest issue consulted: volume 1, issue 3 (Taylor & Francis Online, viewed December 1, 2015).
=650  \0$aDance$xStudy and teaching$vPeriodicals.
=710  2\$aNational Dance Education Organization.
=852  41$aBritish Library$bHMNTS$jELD Digital store$3Volume 2:Issue 1(2016)-
=856  \\$31850-9999$uhttp://www.tandfonline.com/$xBLDSS
=856  40$uhttp://www.tandfonline.com/toc/udep20/current
=859  \\$aELD$bejournal
=945  \\$aDance education in practice.
=979  \\$aBritish Library$bDSC$j3518.224220N
=985  \\$aUS work record only on ISSN portal, for both print and online versions. Please add key title and amend MNI when validated.
=ACF  \\$aPrevious copyright fee: GBP25.00$c2\0$e06-feb-2015$fGBP25.00$g0$hP$5Uk
=ACF  \\$aPrevious copyright fee: GBP26.00$c2\0$e01-jan-2016$fGBP26.00$g0$hP$5Uk
=ACF  \\$aPrevious copyright fee: GBP28.00$c2\0$e01-jan-2017$fGBP28.00$g0$hP$5Uk
=ACF  \\$aPrevious copyright fee: GBP30.00$c2\0$e01-jan-2018$fGBP30.00$g0$hP$5Uk
=ACF  \\$aPrevious copyright fee: GBP32.00$c2\0$e01-jan-2019$fGBP32.00$g0$hP$5Uk
=ACF  \\$aPrevious copyright fee: GBP34.00$c2\0$e01-jan-2020$fGBP34.00$g0$hP$5Uk
=CAT  \\$a5552$b40$c20150206$lBLL01$h1425
=CAT  \\$aBLDSS-3PM$b00$c20150513$lBLL01$h0807
=CAT  \\$aBATCH-UPD$b00$c20151119$lBLL01$h1546
=CAT  \\$a11205$b40$c20151201$lBLL01$h1326
=CAT  \\$a11205$b40$c20151201$lBLL01$h1451
=CAT  \\$a8464$b40$c20151231$lBLL01$h1056
=CAT  \\$a8464$b40$c20151231$lBLL01$h1057
=CAT  \\$aIPL-CLA$c20151231$lBLL01$h1936
=CAT  \\$a8464$b40$c20160203$lBLL01$h1209
=CAT  \\$aBATCH-UPD$b40$c20160413$lBLL01$h1828
=CAT  \\$aBATCH-UPD$b40$c20160810$lBLL01$h1457
=CAT  \\$aBATCH-UPD$b40$c20161122$lBLL01$h1515
=CAT  \\$aIPL-CLA$c20161231$lBLL01$h0022
=CAT  \\$a5552$b40$c20170130$lBLL01$h1030
=CAT  \\$aBATCH-UPD$b40$c20171121$lBLL01$h1651
=CAT  \\$aW1711-1005$c20171206$lBLL01$h1828
=CAT  \\$aIPL-CLA$c20171231$lBLL01$h1828
=CAT  \\$aBATCH-UPD$b00$c20181217$lBLL01$h1641
=CAT  \\$aIPL-CLA$c20181231$lBLL01$h1554
=CAT  \\$aBATCH-UPD$b00$c20191122$lBLL01$h1903
=CAT  \\$aIPL-CLA$c20191231$lBLL01$h2040
=CAT  \\$aBATCH-UPD$b00$c20201118$lBLL01$h1337
=CAT  \\$aIPL-CLA$c20201231$lBLL01$h1533
=CAT  \\$aBATCH-UPD$b00$c20221121$lBLL01$h1350
=CAT  \\$aIPL-CLA$c20221231$lBLL01$h1453
=CFI  0\$aCurrent copyright fee: GBP37.00$c2\0$e01-jan-2023$fGBP37.00$g0$hP$5Uk
=CFI  2\$aPrevious copyright fee: GBP35.00$c2\0$e01-jan-2021$fGBP35.00$g0$hP$5Uk
=FFP  \\$aY$bBLDSS-3PM
=FIN  \\$aY$d20151201
=FMT  \\$a  SE
=LAS  \\$aIPL-CLA$b00$c20221231$lBLL01$h1453
=LET  \0$aDance education in practice (Electronic)
=MNI  \\$a2373-4833
=TOC  \\$aETOC

