=LDR  03760cas a2200877 i 4500
=001  017043610
=003  Uk
=005  20221231145323.0
=006  m\\\\\\\\d\\\\\\\\
=007  cr\|||||||||||
=008  150206c20159999enkqr\pss\\\\\0\\\a0eng\\
=015  \\$aGBB611705$2bnb
=022  0\$a2325-1042
=037  \\$aISSN_23251042_21$bPortico$nTaylor & Francis
=040  \\$aUk$beng$cUk$dUK$erda
=042  \\$aukblsr
=082  04$a363.7$223
=245  00$aEnvironmental sociology.
=264  \1$a[Abingdon, Oxfordshire] :$bRoutledge, Taylor & Francis Group,$c2015-
=336  \\$atext$2rdacontent
=337  \\$acomputer$2rdamedia
=338  \\$aonline resource$2rdacarrier
=362  0\$aVolume 1, issue 1 (2015)-
=500  \\$aTitle from table of contents page (Taylor & Francis Online, viewed January 20, 2016).
=540  \\$aCurrent copyright fee: GBP37.00$c2\0$5Uk
=588  \\$aLatest issue consulted: volume 1, issue 4 (2015) (Taylor & Francis Online, viewed January 20, 2016).
=650  \0$aEnvironmental sociology$vPeriodicals.
=852  41$aBritish Library$bHMNTS$jELD Digital store$3Volume 2:Issue 1(2016)-
=856  \\$31850-9999$uhttp://www.tandfonline.com/$xBLDSS
=856  40$uhttp://www.tandfonline.com/toc/rens20/current
=859  \\$aELD$bejournal
=945  \\$aEnvironmental sociology.
=979  \\$aBritish Library$bDSC$j3791.647500N
=985  \\$a3rd party access title for Remote supply please retain as base record when merging/deleting
=985  \\$aISSN work record only on portal. Please add key title when validated.
=ACF  \\$aPrevious copyright fee: GBP25.00$c2\0$e06-feb-2015$fGBP25.00$g0$hP$5Uk
=ACF  \\$aPrevious copyright fee: GBP26.00$c2\0$e01-jan-2016$fGBP26.00$g0$hP$5Uk
=ACF  \\$aPrevious copyright fee: GBP28.00$c2\0$e01-jan-2017$fGBP28.00$g0$hP$5Uk
=ACF  \\$aPrevious copyright fee: GBP30.00$c2\0$e01-jan-2018$fGBP30.00$g0$hP$5Uk
=ACF  \\$aPrevious copyright fee: GBP32.00$c2\0$e01-jan-2019$fGBP32.00$g0$hP$5Uk
=ACF  \\$aPrevious copyright fee: GBP34.00$c2\0$e01-jan-2020$fGBP34.00$g0$hP$5Uk
=CAT  \\$a5552$b40$c20150206$lBLL01$h1433
=CAT  \\$aBLDSS-3PM$b00$c20150513$lBLL01$h0807
=CAT  \\$aBATCH-UPD$b00$c20151119$lBLL01$h1546
=CAT  \\$aIPL-CLA$c20151231$lBLL01$h1936
=CAT  \\$a11296$b40$c20160113$lBLL01$h0854
=CAT  \\$a11205$b40$c20160120$lBLL01$h1519
=CAT  \\$a11205$b40$c20160120$lBLL01$h1520
=CAT  \\$a11205$b40$c20160120$lBLL01$h1524
=CAT  \\$a8464$b40$c20160204$lBLL01$h1215
=CAT  \\$aBATCH-UPD$b40$c20160413$lBLL01$h1828
=CAT  \\$a3072$b40$c20160516$lBLL01$h1449
=CAT  \\$aBATCH-UPD$b40$c20160526$lBLL01$h0555
=CAT  \\$aBATCH-UPD$b40$c20161122$lBLL01$h1515
=CAT  \\$aIPL-CLA$c20161231$lBLL01$h0022
=CAT  \\$a5552$b40$c20170106$lBLL01$h1110
=CAT  \\$aBATCH-UPD$b40$c20171121$lBLL01$h1651
=CAT  \\$aW1711-1005$c20171206$lBLL01$h1828
=CAT  \\$aIPL-CLA$c20171231$lBLL01$h1828
=CAT  \\$aBATCH-UPD$b00$c20181217$lBLL01$h1641
=CAT  \\$aIPL-CLA$c20181231$lBLL01$h1554
=CAT  \\$aBATCH-UPD$b00$c20191122$lBLL01$h1903
=CAT  \\$aIPL-CLA$c20191231$lBLL01$h2040
=CAT  \\$aBATCH-UPD$b00$c20201118$lBLL01$h1337
=CAT  \\$aIPL-CLA$c20201231$lBLL01$h1533
=CAT  \\$aBATCH-UPD$b00$c20221121$lBLL01$h1350
=CAT  \\$aIPL-CLA$c20221231$lBLL01$h1453
=CFI  0\$aCurrent copyright fee: GBP37.00$c2\0$e01-jan-2023$fGBP37.00$g0$hP$5Uk
=CFI  2\$aPrevious copyright fee: GBP35.00$c2\0$e01-jan-2021$fGBP35.00$g0$hP$5Uk
=FFP  \\$aY$bBLDSS-3PM
=FIN  \\$aY$d20160120
=FMT  \\$a  SE
=LAS  \\$aIPL-CLA$b00$c20221231$lBLL01$h1453
=LET  \0$aEnvironmental sociology (Electronic)
=MNI  \\$a2325-1042
=TOC  \\$aETOC

