=LDR  04661cas a2201093 a 4500
=001  017070693
=003  Uk
=005  20151203155140.0
=006  m\\\\\o\\d\\\\\\\\
=007  cr\un|||||||||
=008  050818c19949999paumr\pso\\\\\0\\\a0eng\c
=010  \\$a  2006263087
=015  \\$aGBB5H2301$2bnb
=022  \\$y1547-1896
=035  \\$a(OCoLC)61284740
=037  \\$aISSN_15471896$bPortico$nLippincott Williams & Wilkins
=040  \\$aOCLCS$beng$cOCLCS$dOCLCS$dTXA$dOCLCQ$dBUF$dOCLCF$dOCLCO$dUk
=042  \\$aukblsr
=050  14$aR5$b.J69
=060  \4$aW1$bJO907XD
=082  04$a610.7372069$223
=130  0\$aJAAPA (Online)
=245  10$aJAAPA$h[electronic resource] :$bofficial journal of the American Academy of Physician Assistants.
=246  13$aJournal of the American Academy of Physician Assistants
=260  \\$aMontvale, NJ :$bMedical Economics
=260  2\$3<2005-May 2013>:$a[New York] :$bHaymarket Media
=260  3\$3<June 2013- >:$a[Philadelphia] :$bLippincott Williams & Wilkins
=300  \\$billustrations (colour)
=310  \\$aMonthly,$b1996-
=321  \\$aMonthly (except July and Dec.),$b<Mar. 1995->
=321  \\$aMonthly (except Aug.),$b1994-
=336  \\$atext$2rdacontent
=337  \\$acomputer$2rdamedia
=338  \\$aonline resource$2rdacarrier
=362  1\$aPrint began with v. 7 in 1994.
=500  \\$aApproved for continuing education credit by the AAPA.
=538  \\$aMode of access: World Wide Web.
=540  \\$aCurrent copyright fee: GBP32.00$c20\0$5Uk
=555  \\$aAnnual author index and subject index.
=588  \\$aDescription based on: Jan. 1996 (JAAPA website, viewed Mar. 15, 2006).
=588  \\$aLatest issue consulted: Vol. 26 (7) (July 2013) (Journals@Ovid, viewed July 8, 2013).
=650  \0$aMedicine$vPeriodicals.
=650  \0$aPhysicians' assistants$vPeriodicals.
=650  \2$aMedicine$vPeriodicals.
=650  \2$aPhysician Assistants$vPeriodicals.
=650  \7$aMedicine.$2fast$0(OCoLC)fst01014893
=650  \7$aPhysicians' assistants.$2fast$0(OCoLC)fst01062965
=655  \7$aPeriodicals.$2fast$0(OCoLC)fst01411641
=710  2\$aAmerican Academy of Physician Assistants.
=776  08$iPrint version:$tJAAPA$x1547-1896
=852  41$aBritish Library$bHMNTS$jELD Digital store$3Volume 28:Issue 1(2015)-***Previous issues available in print copy
=852  41$aBritish Library$bDSC$j4683.732500$3Volume 29:Issue 10(2016)-
=856  \\$31850-9999$uhttps://www.lww.co.uk$xBLDSS
=856  40$uhttp://www.jaapa.com/be_core/j/index.jsp
=856  40$uhttp://ovidsp.ovid.com/ovidweb.cgi?T=JS&NEWS=n&CSC=Y&PAGE=toc&D=ovft&AN=01720610-000000000-00000
=859  \\$aELD$bejournal
=945  \\$aJournal- American academy of physician assistants.
=959  \\$fCurrently received
=985  \\$aHave kept MNI as is, which corresponds to ISSN-L on this and print record.
=ACF  \\$aPrevious copyright fee: GBP28.48$c20\0$e16-feb-2015$fGBP28.48$g0$hP$5Uk
=ACF  \\$aPrevious copyright fee: GBP30.32$c20\0$e01-apr-2015$fGBP30.32$g0$hP$5Uk
=ACF  \\$aPrevious copyright fee: GBP31.33$c20\0$e01-jul-2015$fGBP31.33$g0$hP$5Uk
=CAT  \\$a12654$b40$c20150216$lBLL01$h1159
=CAT  \\$aBATCH-UPD$b40$c20150219$lBLL01$h1729
=CAT  \\$aIPL-CLA$c20150331$lBLL01$h1731
=CAT  \\$aBATCH-UPD$b00$c20150520$lBLL01$h1739
=CAT  \\$aBLDSS-3PM$b00$c20150522$lBLL01$h1544
=CAT  \\$a10876$b40$c20150528$lBLL01$h1353
=CAT  \\$a3072$b40$c20150622$lBLL01$h1728
=CAT  \\$a3072$b40$c20150623$lBLL01$h1012
=CAT  \\$a3072$b40$c20150623$lBLL01$h1630
=CAT  \\$a3072$b40$c20150624$lBLL01$h1642
=CAT  \\$aIPL-CLA$c20150630$lBLL01$h1724
=CAT  \\$aBATCH-UPD$b00$c20150820$lBLL01$h1825
=CAT  \\$aIPL-CLA$c20150930$lBLL01$h1854
=CAT  \\$a11316$b40$c20151203$lBLL01$h1551
=CAT  \\$aBATCH-UPD$b40$c20160217$lBLL01$h1713
=CAT  \\$aIPL-CLA$c20160331$lBLL01$h1818
=CAT  \\$aBATCH-UPD$b00$c20160524$lBLL01$h2200
=CAT  \\$aBATCH-UPD$b00$c20160524$lBLL01$h2307
=CAT  \\$aW1711-1005$c20171206$lBLL01$h1828
=CFI  0\$aCurrent copyright fee: GBP32.00$c20\0$e01-apr-2016$fGBP32.00$g0$hP$5Uk
=CFI  2\$aPrevious copyright fee: GBP30.32$c20\0$e01-oct-2015$fGBP30.32$g0$hP$5Uk
=EST  \\$a1
=FFP  \\$aY$bBLDSS-3PM
=FIN  \\$aY$d20150622
=FMT  \\$a  SE
=LAS  \\$aW1711-1005$b00$c20171206$lBLL01$h1828
=LET  \0$aJAAPA (Electronic)
=LKR  \\$aPAR$b005473702$lBLL01$r776$mJAAPA official journal of the American Academy of Physician Assistants.$nJAAPA (Montvale, N.J.)
=MNI  \\$a0893-7400
=SID  \\$aZ39$bOCLC
=TOC  \\$aETOC
=UNO  \\$aY

