=LDR  04366cas a2201033 a 4500
=001  017085209
=003  Uk
=005  20221231145327.0
=006  m\\\\\o\\d\\\\\\\\
=007  cr||||||||||||
=008  120719c20139999txuqr\poo\\\\\0\\\a0eng\\
=010  \\$a  2012200380
=015  \\$aGBB614744$2bnb
=016  7\$a101601065$2DNLM
=022  0\$a2168-8370$21
=035  \\$a(OCoLC)800704348
=037  \\$aISSN_21688370_21$bPortico$nTaylor & Francis
=040  \\$aDLC$beng$cDLC$dOCoLC$dDNLM$dDLC$dTxCM$dUk
=042  \\$aukblsr
=060  10$aW1
=082  10$a571$223
=130  0\$aTissue barriers (Online)
=210  0\$aTissue barriers$b(Online)
=210  10$aTissue Barriers$2dnlm
=222  \0$aTissue barriers$b(Online)
=245  10$aTissue barriers$h[electronic resource].
=264  \1$a[Austin, Texas] :$bLandes Bioscience,$c2013-
=264  31$aPhiladelphia, PA :$bTaylor & Francis
=310  \\$aFour times a year
=336  \\$atext$2rdacontent
=337  \\$acomputer$2rdamedia
=338  \\$aonline resource$2rdacarrier
=362  1\$aBegan with: Vol. 1, issue 1 (Jan./Feb./Mar. 2013).
=540  \\$aCurrent copyright fee: GBP43.00$c2\0$5Uk
=588  \\$aDescription based on: Vol. 1, issue 1 (Jan./Feb./Mar. 2013); title from PDF cover (publisher's Web site, viewed Sept. 3, 2013).
=588  \\$aLatest issue consulted: Volume 3, issue 4 (2015) (Taylor & Francis Online, viewed February 02, 2016).
=650  \0$aBiological transport$vPeriodicals.
=650  \0$aTissues$vPeriodicals.
=650  12$aBiological Transport$vPeriodicals.
=650  22$aTissues$vPeriodicals.
=852  41$aBritish Library$bHMNTS$jELD Digital store$3Volume 4:Issue 1(2016)-
=856  \\$31850-9999$uhttp://www.tandfonline.com/$xBLDSS
=856  40$uhttp://www.landesbioscience.com/journals/tissuebarriers
=856  40$uhttp://www.ncbi.nlm.nih.gov/pmc/journals/2064/
=859  \\$aELD$bejournal
=945  \\$aTissue Barriers.
=979  \\$aBritish Library$bDSC$j8858.691000N
=985  \\$aCataloguers note: An ISSN (2168-8362) has been assigned to a printed version of this title but no evidence of publication.
=ACF  \\$aPrevious copyright fee: GBP30.00$c2\0$e27-feb-2015$fGBP30.00$g0$hP$5Uk
=ACF  \\$aPrevious copyright fee: GBP34.00$c2\0$e01-jan-2016$fGBP34.00$g0$hP$5Uk
=ACF  \\$aPrevious copyright fee: GBP31.00$c2\0$e01-apr-2016$fGBP31.00$g0$hP$5Uk
=ACF  \\$aPrevious copyright fee: GBP33.00$c2\0$e01-jan-2017$fGBP33.00$g0$hP$5Uk
=ACF  \\$aPrevious copyright fee: GBP35.00$c2\0$e01-jan-2018$fGBP35.00$g0$hP$5Uk
=ACF  \\$aPrevious copyright fee: GBP37.00$c2\0$e01-jan-2019$fGBP37.00$g0$hP$5Uk
=ACF  \\$aPrevious copyright fee: GBP39.00$c2\0$e01-jan-2020$fGBP39.00$g0$hP$5Uk
=CAT  \\$a5552$b40$c20150227$lBLL01$h0849
=CAT  \\$a5552$b40$c20150227$lBLL01$h0851
=CAT  \\$aBLDSS-3PM$b00$c20150513$lBLL01$h0807
=CAT  \\$aBATCH-UPD$b00$c20151119$lBLL01$h1536
=CAT  \\$a10902$b40$c20151217$lBLL01$h1330
=CAT  \\$aIPL-CLA$c20151231$lBLL01$h1936
=CAT  \\$a14448$b40$c20160120$lBLL01$h1153
=CAT  \\$a10973$b40$c20160202$lBLL01$h1140
=CAT  \\$a5552$b40$c20160304$lBLL01$h0826
=CAT  \\$aIPL-CLA$c20160331$lBLL01$h1818
=CAT  \\$aBATCH-UPD$b00$c20160413$lBLL01$h1828
=CAT  \\$aBATCH-UPD$b00$c20160605$lBLL01$h0906
=CAT  \\$aBATCH-UPD$b00$c20161122$lBLL01$h1506
=CAT  \\$aIPL-CLA$c20161231$lBLL01$h0022
=CAT  \\$a5552$b40$c20170126$lBLL01$h0934
=CAT  \\$aBATCH-UPD$b40$c20171121$lBLL01$h1656
=CAT  \\$aW1711-1005$c20171206$lBLL01$h1828
=CAT  \\$aIPL-CLA$c20171231$lBLL01$h1828
=CAT  \\$aBATCH-UPD$b00$c20181217$lBLL01$h1646
=CAT  \\$aIPL-CLA$c20181231$lBLL01$h1555
=CAT  \\$aBATCH-UPD$b00$c20191122$lBLL01$h1908
=CAT  \\$aIPL-CLA$c20191231$lBLL01$h2040
=CAT  \\$aBATCH-UPD$b00$c20201118$lBLL01$h1342
=CAT  \\$aIPL-CLA$c20201231$lBLL01$h1533
=CAT  \\$aBATCH-UPD$b00$c20221121$lBLL01$h1341
=CAT  \\$aIPL-CLA$c20221231$lBLL01$h1453
=CFI  0\$aCurrent copyright fee: GBP43.00$c2\0$e01-jan-2023$fGBP43.00$g0$hP$5Uk
=CFI  2\$aPrevious copyright fee: GBP41.00$c2\0$e01-jan-2021$fGBP41.00$g0$hP$5Uk
=FFP  \\$aY$bBLDSS-3PM
=FIN  \\$aY$d20160202
=FMT  \\$a  SE
=LAS  \\$aIPL-CLA$b00$c20221231$lBLL01$h1453
=SRC  \\$aBLL02
=TOC  \\$aETOC

