=LDR  02835cas a2200661 i 4500
=001  017110210
=003  Uk
=005  20221231145329.0
=007  ta
=008  150312c20159999oncqr\p\\\\\\\0\\\a0eng\\
=022  0\$a2368-8653
=040  \\$aUk$beng$cUk$erda
=042  \\$aukblsr
=082  04$a616.028$223
=245  04$aThe Canadian journal of critical care nursing /$cCACCN.
=264  \1$aPembroke, Ontario :$bPappin Communications,$c2015-
=300  \\$billustrations (black and white) ;$c28 cm
=310  \\$aQuarterly
=336  \\$atext$2rdacontent
=337  \\$aunmediated$2rdamedia
=338  \\$avolume$2rdacarrier
=362  0\$aVolume 26, number 1 (spring 2015)-
=540  \\$aCurrent Copyright Fee: GBP25.00$c0$5Uk
=650  \0$aIntensive care nursing$vPeriodicals.
=650  \0$aIntensive care nursing$zCanada$vPeriodicals.
=710  2\$aCanadian Association of Critical Care Nurses,$eissuing body.
=780  00$tDynamics (Pembroke, Ont.)$x1497-3715
=852  41$aBritish Library$bDSC$j3031.131250$3Vol. 26 (2015)-v. 34, no. 2 (2023)
=945  \\$aCanadian journal of critical care nursing
=959  \\$fHeld but not currently received
=985  \\$aISSN UK: Resource catalogued before ISSN record completed. Check Portal for Key Title and insert 222 when available (Richard (Leeds), 12/03/15)
=ACF  \\$aPrevious Copyright Fee: GBP12.30$c0$e27-mar-2015$fGBP12.30$g0$hA$5Uk
=ACF  \\$aPrevious Copyright Fee: GBP15.00$c0$e01-jan-2017$fGBP15.00$g0$hA$5Uk
=ACF  \\$aPrevious Copyright Fee: GBP17.50$c0$e01-jan-2018$fGBP17.50$g0$hA$5Uk
=ACF  \\$aPrevious Copyright Fee: GBP20.00$c0$e01-jan-2020$fGBP20.00$g0$hA$5Uk
=CAT  \\$a10806$b40$c20150312$lBLL01$h1540
=CAT  \\$a8439$b40$c20150327$lBLL01$h1318
=CAT  \\$a8439$b40$c20150327$lBLL01$h1319
=CAT  \\$aBATCH-CLA$b00$c20161222$lBLL01$h1839
=CAT  \\$aIPL-CLA$c20161231$lBLL01$h0022
=CAT  \\$aBATCH-CLA$b00$c20171222$lBLL01$h2219
=CAT  \\$aIPL-CLA$c20171231$lBLL01$h1828
=CAT  \\$a8874$b40$c20180601$lBLL01$h1252
=CAT  \\$aBATCH-CLA$b00$c20191219$lBLL01$h1802
=CAT  \\$aIPL-CLA$c20191231$lBLL01$h2040
=CAT  \\$aR2001-1524$c20200127$lBLL01$h2105
=CAT  \\$aBATCH-CLA$b00$c20201204$lBLL01$h1614
=CAT  \\$aIPL-CLA$c20201231$lBLL01$h1533
=CAT  \\$a6558$b40$c20221102$lBLL01$h0911
=CAT  \\$aBATCH-CLA$b00$c20221221$lBLL01$h1931
=CAT  \\$aIPL-CLA$c20221231$lBLL01$h1453
=CFI  0\$aCurrent Copyright Fee: GBP25.00$c0$e01-jan-2023$fGBP25.00$g0$hA$5Uk
=CFI  2\$aPrevious Copyright Fee: GBP22.50$c0$e01-jan-2021$fGBP22.50$g0$hA$5Uk
=FIN  \\$aY$d20150312
=FMT  \\$a  SE
=LAS  \\$aIPL-CLA$b00$c20221231$lBLL01$h1453
=LKR  \\$aPAR$b007843764$lBLL01$r78000$mThe Canadian journal of critical care nursing /$nDynamics (Pembroke)
=TOC  \\$aETOC

