=LDR  03672cas a2200889 i 4500
=001  017110994
=003  Uk
=005  20221231145330.0
=006  m\\\\\|\\d\|\\\\\\
=007  cr\|||||||||||
=008  150316c20159999enkqr\p\o\\\\\0\\\a0eng\\
=015  \\$aGBB5G9518$2bnb
=022  0\$a2333-5785
=037  \\$aISSN_23335777_21$bPortico$nTaylor & Francis
=040  \\$aUk$beng$cUk$erda
=042  \\$aukblsr
=082  04$a006.22$223
=222  \0$aCyber-physical systems$b(Online)
=245  00$aCyber-physical systems.
=264  \1$a[Abingdon] :$bTaylor & Francis,$c2015-
=336  \\$atext$2rdacontent
=337  \\$acomputer$2rdamedia
=338  \\$aonline resource$2rdacarrier
=362  0\$aVolume 1, issue 1 (2015)-
=500  \\$aTitle from journal home page (Taylor & Francis Online, viewed November 25, 2015).
=540  \\$aCurrent copyright fee: GBP43.00$c2\0$5Uk
=650  \0$aCooperating objects (Computer systems)$vPeriodicals.
=650  \0$aInternet of things$vPeriodicals.
=852  41$aBritish Library$bHMNTS$jELD Digital store$3Volume 2:Issue 1/4(2016)-
=856  \\$31850-9999$uhttp://www.tandfonline.com/$xBLDSS
=856  40$uhttp://www.tandfonline.com/toc/tcyb20/current
=859  \\$aELD$bejournal
=945  \\$aCyber physical systems.
=979  \\$aBritish Library$bDSC$j3506.341600N
=985  \\$aPrint ISSN not validated on portal. 25/11/2015.
=ACF  \\$aPrevious copyright fee: GBP30.00$c2\0$e19-mar-2015$fGBP30.00$g0$hP$5Uk
=ACF  \\$aPrevious copyright fee: GBP34.00$c2\0$e01-jan-2016$fGBP34.00$g0$hP$5Uk
=ACF  \\$aPrevious copyright fee: GBP31.00$c2\0$e01-apr-2016$fGBP31.00$g0$hP$5Uk
=ACF  \\$aPrevious copyright fee: GBP33.00$c2\0$e01-jan-2017$fGBP33.00$g0$hP$5Uk
=ACF  \\$aPrevious copyright fee: GBP35.00$c2\0$e01-jan-2018$fGBP35.00$g0$hP$5Uk
=ACF  \\$aPrevious copyright fee: GBP37.00$c2\0$e01-jan-2019$fGBP37.00$g0$hP$5Uk
=ACF  \\$aPrevious copyright fee: GBP39.00$c2\0$e01-jan-2020$fGBP39.00$g0$hP$5Uk
=CAT  \\$a5552$b40$c20150316$lBLL01$h1207
=CAT  \\$aBLDSS-3PM$b00$c20150513$lBLL01$h0807
=CAT  \\$aBATCH-UPD$b00$c20151119$lBLL01$h1536
=CAT  \\$a11205$b40$c20151125$lBLL01$h1119
=CAT  \\$a11205$b40$c20151130$lBLL01$h1730
=CAT  \\$a8464$b40$c20151231$lBLL01$h0929
=CAT  \\$aIPL-CLA$c20151231$lBLL01$h1936
=CAT  \\$a8464$b40$c20160203$lBLL01$h1158
=CAT  \\$a5552$b40$c20160301$lBLL01$h0925
=CAT  \\$aIPL-CLA$c20160331$lBLL01$h1819
=CAT  \\$aBATCH-UPD$b00$c20160413$lBLL01$h1828
=CAT  \\$aBATCH-UPD$b00$c20160815$lBLL01$h0409
=CAT  \\$aBATCH-UPD$b00$c20161122$lBLL01$h1506
=CAT  \\$aIPL-CLA$c20161231$lBLL01$h0022
=CAT  \\$a5552$b40$c20170130$lBLL01$h0904
=CAT  \\$aBATCH-UPD$b40$c20171121$lBLL01$h1656
=CAT  \\$aW1711-1005$c20171206$lBLL01$h1828
=CAT  \\$aIPL-CLA$c20171231$lBLL01$h1828
=CAT  \\$aBATCH-UPD$b00$c20181217$lBLL01$h1646
=CAT  \\$aIPL-CLA$c20181231$lBLL01$h1555
=CAT  \\$aBATCH-UPD$b00$c20191122$lBLL01$h1908
=CAT  \\$aIPL-CLA$c20191231$lBLL01$h2040
=CAT  \\$aBATCH-UPD$b00$c20201118$lBLL01$h1342
=CAT  \\$aIPL-CLA$c20201231$lBLL01$h1533
=CAT  \\$aBATCH-UPD$b00$c20221121$lBLL01$h1341
=CAT  \\$aIPL-CLA$c20221231$lBLL01$h1453
=CFI  0\$aCurrent copyright fee: GBP43.00$c2\0$e01-jan-2023$fGBP43.00$g0$hP$5Uk
=CFI  2\$aPrevious copyright fee: GBP41.00$c2\0$e01-jan-2021$fGBP41.00$g0$hP$5Uk
=FFP  \\$aY$bBLDSS-3PM
=FIN  \\$aY$d20151125
=FMT  \\$a  SE
=LAS  \\$aIPL-CLA$b00$c20221231$lBLL01$h1453
=LET  \0$aCyber-physical systems (Electronic)
=MNI  \\$a2333-5777
=TOC  \\$aETOC

