=LDR  03869cas a2200901 i 4500
=001  017111040
=003  Uk
=005  20221231145330.0
=006  m\\\\\|\\d\|\\\\\\
=007  cr||||||||||||
=008  150316c20159999enkfr\p\\\\\\\0\\\a0eng\\
=015  \\$aGBB631980$2bnb
=022  \\$a2372-9341
=037  \\$aISSN_23729333_21$bPortico$nTaylor & Francis
=040  \\$aUk$beng$cUk$erda
=042  \\$aukblsr
=082  04$a526.05$223
=245  00$aInternational journal of cartography.
=264  \1$aAbingdon :$bTaylor & Francis,$c2015-
=310  \\$aSemiannual
=336  \\$atext$2rdacontent
=337  \\$acomputer$2rdamedia
=338  \\$aonline resource$2rdacarrier
=362  0\$aVolume 1, issue 1 (2015)-
=500  \\$aTitle from journal homepage (Taylor & Francis Online, viewed March 8, 2016).
=540  \\$aCurrent copyright fee: GBP43.00$c2\0$5Uk
=588  \\$aLatest issue consulted: volume 1, issue 1 (2015) (Taylor & Francis Online, viewed March 8, 2016).
=650  \0$aCartography$vPeriodicals.
=710  2\$aInternational Cartographic Association,$eissuing body.
=776  08$iAlso issued in print as:$tInternational journal of cartography$x2372-9333
=852  41$aBritish Library$bHMNTS$jELD Digital store$3Volume 2:Issue 1(2016)-
=856  40$31850-9999$uhttp://www.tandfonline.com/$xBLDSS
=856  40$uhttp://www.tandfonline.com/toc/tica20/current
=859  \\$aELD$bejournal
=945  \\$aInternational journal of cartography.
=979  \\$aBritish Library$bDSC$j4542.161230N
=985  \\$aISSN work record only - 222 not included.
=985  \\$a3rd party access title for Remote supply please retain as base record when merging/deleting
=ACF  \\$aPrevious copyright fee: GBP30.00$c2\0$e19-mar-2015$fGBP30.00$g0$hP$5Uk
=ACF  \\$aPrevious copyright fee: GBP34.00$c2\0$e01-jan-2016$fGBP34.00$g0$hP$5Uk
=ACF  \\$aPrevious copyright fee: GBP31.00$c2\0$e01-apr-2016$fGBP31.00$g0$hP$5Uk
=ACF  \\$aPrevious copyright fee: GBP33.00$c2\0$e01-jan-2017$fGBP33.00$g0$hP$5Uk
=ACF  \\$aPrevious copyright fee: GBP35.00$c2\0$e01-jan-2018$fGBP35.00$g0$hP$5Uk
=ACF  \\$aPrevious copyright fee: GBP37.00$c2\0$e01-jan-2019$fGBP37.00$g0$hP$5Uk
=ACF  \\$aPrevious copyright fee: GBP39.00$c2\0$e01-jan-2020$fGBP39.00$g0$hP$5Uk
=CAT  \\$a5552$b40$c20150316$lBLL01$h1329
=CAT  \\$aBLDSS-3PM$b00$c20150513$lBLL01$h0807
=CAT  \\$aBATCH-UPD$b00$c20151119$lBLL01$h1536
=CAT  \\$aIPL-CLA$c20151231$lBLL01$h1936
=CAT  \\$a14448$b40$c20160129$lBLL01$h0831
=CAT  \\$a5552$b40$c20160302$lBLL01$h1236
=CAT  \\$a5110$b40$c20160308$lBLL01$h1616
=CAT  \\$a5110$b40$c20160309$lBLL01$h1126
=CAT  \\$aIPL-CLA$c20160331$lBLL01$h1819
=CAT  \\$aBATCH-UPD$b00$c20160413$lBLL01$h1828
=CAT  \\$aBATCH-UPD$b00$c20160808$lBLL01$h1632
=CAT  \\$aBATCH-UPD$b00$c20161122$lBLL01$h1506
=CAT  \\$aIPL-CLA$c20161231$lBLL01$h0022
=CAT  \\$a5552$b40$c20170207$lBLL01$h1344
=CAT  \\$aBATCH-UPD$b40$c20171121$lBLL01$h1656
=CAT  \\$aW1711-1005$c20171206$lBLL01$h1828
=CAT  \\$aIPL-CLA$c20171231$lBLL01$h1828
=CAT  \\$aBATCH-UPD$b00$c20181217$lBLL01$h1646
=CAT  \\$aIPL-CLA$c20181231$lBLL01$h1555
=CAT  \\$aBATCH-UPD$b00$c20191122$lBLL01$h1908
=CAT  \\$aIPL-CLA$c20191231$lBLL01$h2040
=CAT  \\$aBATCH-UPD$b00$c20201118$lBLL01$h1342
=CAT  \\$aIPL-CLA$c20201231$lBLL01$h1533
=CAT  \\$aBATCH-UPD$b00$c20221121$lBLL01$h1341
=CAT  \\$aIPL-CLA$c20221231$lBLL01$h1453
=CFI  0\$aCurrent copyright fee: GBP43.00$c2\0$e01-jan-2023$fGBP43.00$g0$hP$5Uk
=CFI  2\$aPrevious copyright fee: GBP41.00$c2\0$e01-jan-2021$fGBP41.00$g0$hP$5Uk
=FFP  \\$aY$bBLDSS-3PM
=FIN  \\$aY$d20160308
=FMT  \\$a  SE
=LAS  \\$aIPL-CLA$b00$c20221231$lBLL01$h1453
=MNI  \\$a2372-9333
=TOC  \\$aETOC

