=LDR  03202cas a2200793 i 4500
=001  017135666
=003  Uk
=005  20211231154718.0
=006  m\\\\\|\\d\|\\\\\\
=007  cr\|||||||||||
=008  150401c20159999paubr\p\o\\\\\0\\\a0eng\\
=015  \\$aGBB543216$2bnb
=022  \\$a2405-4577
=037  \\$aISSN_24054577$bPortico$nElsevier
=040  \\$aUk$beng$cUk$erda
=042  \\$aukblsr
=082  04$a616.39005$223
=245  00$aClinical nutrition ESPEN.
=264  \1$a[Philadelphia, PA] :$bElsevier,$c2015-
=300  \\$billustrations (black and white)
=310  \\$aBimonthly
=336  \\$atext$2rdacontent
=337  \\$acomputer$2rdamedia
=338  \\$aonline resource$2rdacarrier
=362  0\$aVolume 10, issue 1 (February 2015)-
=500  \\$aTitle from table of contents page (ScienceDirect, viewed April 1, 2015).
=540  \\$aCurrent copyright fee: GBP34.30$c5\1$5Uk
=588  \\$aLatest issue consulted: Volume 10, issue 2 (April 2015) (viewed April 1, 2015).
=650  \0$aNutritionally induced diseases$vPeriodicals.
=650  \0$aMetabolism$xDisorders$vPeriodicals.
=780  00$te-SPEN$x1751-4991
=787  0\$aClinical nutrition$x1532-1983
=852  41$aBritish Library$bHMNTS$jELD Digital store$3Volume 10:Issue 1(2015)-***Previous issues available in print copy
=856  \\$31850-9999$uhttp://www.sciencedirect.com/$xBLDSS
=856  40$uhttp://www.sciencedirect.com/science/journal/24054577
=859  \\$aELD$bejournal
=945  \\$aClinical nutrition ESPEN
=979  \\$aBritish Library$bDSC$j3286.315100N
=985  \\$aISSN still work record on portal 1/4/15
=ACF  \\$aPrevious Copyright Fee: GBP22.50$c5\1$e22-sep-2016$fGBP22.50$g0$hP$5Uk
=ACF  \\$aPrevious copyright fee: GBP23.40$c5\1$e01-jan-2018$fGBP23.40$g0$hP$5Uk
=CAT  \\$a8124$b40$c20150401$lBLL01$h1301
=CAT  \\$a8124$b40$c20150401$lBLL01$h1302
=CAT  \\$a8124$b40$c20150401$lBLL01$h1343
=CAT  \\$a8411$b40$c20150410$lBLL01$h1157
=CAT  \\$a10983$b40$c20151006$lBLL01$h0917
=CAT  \\$a5552$b40$c20160922$lBLL01$h0859
=CAT  \\$aBLDSS-3PM$b00$c20160927$lBLL01$h1707
=CAT  \\$aBATCH-UPD$b00$c20160927$lBLL01$h1717
=CAT  \\$aBATCH-UPD$b00$c20171121$lBLL01$h1756
=CAT  \\$aW1711-1005$c20171206$lBLL01$h1828
=CAT  \\$aIPL-CLA$c20171231$lBLL01$h1828
=CAT  \\$aBATCH-UPD$b00$c20190521$lBLL01$h1446
=CAT  \\$aIPL-CLA$c20190630$lBLL01$h1548
=CAT  \\$a12654$b40$c20210805$lBLL01$h1249
=CAT  \\$a5552$b40$c20211101$lBLL01$h1137
=CAT  \\$a5552$b40$c20211101$lBLL01$h1142
=CAT  \\$aBATCH-UPD$b40$c20211119$lBLL01$h1603
=CAT  \\$aIPL-CLA$c20211231$lBLL01$h1547
=CFI  0\$aCurrent copyright fee: GBP34.30$c5\1$e01-jan-2022$fGBP34.30$g0$hP$5Uk
=CFI  2\$aPrevious copyright fee: GBP32.84$c5\1$e01-jul-2019$fGBP32.84$g0$hP$5Uk
=FFP  \\$aY$bBLDSS-3PM
=FIN  \\$aY$d20150401
=FMT  \\$a  SE
=LAS  \\$aIPL-CLA$b00$c20211231$lBLL01$h1547
=LKR  \\$aPAR$b013554703$lBLL01$ne-SPEN$mClinical nutrition ESPEN$r78000
=LKR  \\$aPAR$b012432446$lBLL01$nClinical nutrition (Online)$mClinical nutrition ESPEN (Online)$r787
=MNI  \\$a2405-4577
=TOC  \\$aETOC

