=LDR  02821cas a2200721 i 4500
=001  017145342
=003  Uk
=005  20170522153752.0
=006  m\\\\\|\\d\|\\\\\\
=007  cr\|||||||||||
=008  150408c20149999enk\x\p\o\\\\\0\\\a0eng\\
=015  \\$aGBB553561$2bnb
=022  \\$a2352-0477
=037  \\$aISSN_23520477$bPortico$nElsevier
=040  \\$aUk$beng$cUk$erda
=042  \\$aukblsr
=082  04$a616.075705$223
=245  00$aEuropean journal of radiology open.
=246  13$iAlso known as:$aEJR open
=264  \1$aAmsterdam :$bElsevier,$c2014-
=300  \\$billustrations (black and white, and colour)
=336  \\$atext$2rdacontent
=337  \\$acomputer$2rdamedia
=338  \\$aonline resource$2rdacarrier
=362  0\$aVolume 1 (2014)-
=500  \\$aTitle from journal home page (ScienceDirect, viewed April 22, 2015).
=515  \\$aArticles added consecutively to current annual volume.
=540  \\$aCurrent copyright fee: zero$c5\1$5Uk
=588  \\$aLatest issue consulted: volume 2 (2015) (viewed April 22, 2015).
=650  \0$aMedical radiology$vPeriodicals.
=787  0\$tEuropean journal of radiology$x1872-7727
=852  41$aBritish Library$bHMNTS$jELD Digital store$3Volume 2(2015)-
=856  \\$31850-9999$uhttp://www.sciencedirect.com/$xBLDSS
=856  40$uhttp://www.sciencedirect.com/science/journal/23520477/
=859  \\$aELD$bejournal
=945  \\$aEuropean journal of radiology open.
=979  \\$aBritish Library$bDSC$j3829.738065N
=985  \\$aISSN = work record on portal 22/4/15
=CAT  \\$a10902$b40$c20150408$lBLL01$h0937
=CAT  \\$a8124$b40$c20150422$lBLL01$h0912
=CAT  \\$a8124$b40$c20150422$lBLL01$h0913
=CAT  \\$a10983$b40$c20150422$lBLL01$h1002
=CAT  \\$a8124$b40$c20150423$lBLL01$h1029
=CAT  \\$aBATCH-CLA$b00$c20150529$lBLL01$h1528
=CAT  \\$aIPL-CLA$c20150630$lBLL01$h1724
=CAT  \\$aBATCH-CLA$b00$c20151127$lBLL01$h1628
=CAT  \\$aWR15058$c20151230$lBLL01$h1441
=CAT  \\$a5552$b40$c20160120$lBLL01$h1057
=CAT  \\$aBLDSS-3PM$b00$c20160201$lBLL01$h1812
=CAT  \\$aBATCH-UPD$b00$c20160413$lBLL01$h1828
=CAT  \\$a5552$b40$c20160429$lBLL01$h1348
=CAT  \\$aBATCH-UPD$b40$c20160620$lBLL01$h1418
=CAT  \\$a5552$b40$c20170522$lBLL01$h1534
=CAT  \\$a5552$b40$c20170522$lBLL01$h1537
=CAT  \\$aW1711-1005$c20171206$lBLL01$h1828
=CFI  0\$aCurrent copyright fee: zero$c5\1$e29-apr-2016$fGBP0.00$g0$hP$5Uk
=CFI  2\$aPrevious copyright fee: GBP22.50$c5\1$e20-jan-2016$fGBP22.50$g0$hP$5Uk
=FFP  \\$aY$bBLDSS-3PM
=FMT  \\$a  SE
=LAS  \\$aW1711-1005$b00$c20171206$lBLL01$h1828
=LKR  \\$aPAR$b012432918$lBLL01$nEuropean journal of radiology (Online)$mEuropean journal of radiology open (Online)$r787
=MNI  \\$a2352-0477
=TOC  \\$aETOC

