=LDR  01467 as a2200445 i 4500
=001  017146785
=003  Uk
=005  20150923140127.0
=007  ta
=008  150409d20152015sp\er\p\\\\\\\0\\\a0eng\\
=015  \\$aGBB5C9548$2bnb
=022  0\$z2059-0024
=040  \\$aUk$beng$cUk$erda
=042  \\$aukblsr
=082  04$a597.34$223
=245  04$aThe great white shark.
=246  30$aShark
=264  \1$aBarcelona :$bRBA Coleccionables, S.A.,$c2015.
=300  \\$a4 volumes :$billustrations (colour) ;$c26 cm +$emodel shark pieces
=310  \\$aBiweekly
=336  \\$atext$2rdacontent
=336  \\$athree-dimensional form$2rdacontent
=337  \\$aunmediated$2rdamedia
=338  \\$avolume$2rdacarrier
=338  \\$aobject$2rdacarrier
=362  0\$a1-4.
=500  \\$aEach issue accompanied by model shark parts.
=500  \\$aSome magazines, 26 cm, attached to box 31 x 25 cm (depth varies) containing model parts.
=588  \\$aLatest issue consulted: 4.
=650  \0$aWhite shark$vPeriodicals.
=852  41$aBritish Library$bHMNTS$jCup.937/1113$3Issue 1-issue 4.
=985  \\$aSee BIB 17555611 for suppressed ISSN record.
=CAT  \\$a11315$b40$c20150409$lBLL01$h0928
=CAT  \\$a8124$b40$c20150923$lBLL01$h0828
=CAT  \\$a8124$b40$c20150923$lBLL01$h0945
=CAT  \\$a10806$b40$c20150923$lBLL01$h1334
=CAT  \\$a10806$b40$c20150923$lBLL01$h1401
=FIN  \\$aY$d20150923
=FMT  \\$a  SE
=LAS  \\$a10806$b40$c20150923$lBLL01$h1401

