=LDR  04168cas a2200913 a 4500
=001  017163784
=003  Uk
=005  20221231145333.0
=006  m\\\\fo\\d\\\\\\\\
=007  cr\|||||||||||
=008  120917c20089999enkqr\poo\\\\\0\\\a0eng\d
=022  \\$a2079-7338$l1004-8979$y1004-8979
=035  \\$a(OCoLC)810097890
=037  \\$aISSN_10048979$bPortico$nCambridge University Press
=040  \\$aHNK$cHNK$dTXA$dOCLCQ$dOCLCF$dOCLCO$dUk
=042  \\$aukblsr
=082  04$a518.05$223
=222  \0$aNumerical mathematics$b(Online)
=245  00$aNumerical mathematics$h[electronic resource] :$btheory, methods and applications.
=246  1\$aTheory, methods and applications.
=246  1\$aNM-TMA
=246  1\$aNMTMA
=246  1\$aNumer. Math. Theor. Meth. Appl.
=246  1\$aNumer Math TMA
=260  \\$a[Hong Kong] :$bGlobal Science Press,$cc2008-
=264  21$32015-2017$a[Cambridge] :$bCambridge University Press
=264  31$32018-$a[Hong Kong] :$bGlobal Science Press
=310  \\$aQuarterly
=336  \\$atext$2rdacontent
=337  \\$acomputer$2rdamedia
=338  \\$aonline resource$2rdacarrier
=362  1\$aBegan with: Vol. 1, no. 1 (Feb. 2008).
=538  \\$aMode of access: World Wide Web.
=540  \\$aCurrent Copyright Fee: GBP25.00$c0$5Uk
=550  \\$aSponsored by: Nanjing University.
=588  \\$aDescription based on: Vol. 1, no. 1 (Feb. 2008); title from PDF article header (publisher's Web site, viewed Sept. 18, 2012).
=588  \\$aLatest issue consulted: volume 11, number 1 (2018) (Global Science Press, viewed April 26, 2018).
=650  \0$aNumerical analysis$vPeriodicals.
=650  \7$aNumerical analysis.$2fast$0(OCoLC)fst01041273
=655  \7$aPeriodicals.$2fast$0(OCoLC)fst01411641
=710  2\$aNanjing da xue.
=776  08$iPrint version:$tNumerical mathematics$x1004-8979
=852  41$aBritish Library$bHMNTS$jELD Digital store$3Volume 7:Issue 1(2014)-Volume 10:Issue 4(2017)***Previous issues available in print copy
=856  40$uhttp://journals.cambridge.org/action/displayJournal?jid=TMA
=856  40$uhttp://www.global-sci.org/nmtma/
=859  \\$aELD$bejournal
=985  \\$aDerived as is (minus 130). If earlier issues are rec'd then best bet would probably be to make this record match 007176913, unless a new ISSN is assigned for it. Didn't seem to be a neat solution, without doing a new record for 2008 stock on 007176913, and problems with moving DSC items.
=ACF  \\$aPrevious Copyright Fee: GBP30.00$c43\0$e02-jun-2016$fGBP30.00$g0$hP$5Uk
=ACF  \\$aPrevious Copyright Fee: GBP17.50$c0$e01-apr-2019$fGBP17.50$g0$hA$5Uk
=ACF  \\$aPrevious Copyright Fee: GBP20.00$c0$e01-jan-2020$fGBP20.00$g0$hA$5Uk
=CAT  \\$a3072$b40$c20150421$lBLL01$h1504
=CAT  \\$a3072$b40$c20150421$lBLL01$h1513
=CAT  \\$a10983$b40$c20150506$lBLL01$h0821
=CAT  \\$a5552$b40$c20160602$lBLL01$h1120
=CAT  \\$aBLDSS-3PM$b00$c20160607$lBLL01$h1621
=CAT  \\$aBATCH-UPD$b00$c20160607$lBLL01$h1622
=CAT  \\$aW1711-1005$c20171206$lBLL01$h1828
=CAT  \\$a10806$b40$c20180426$lBLL01$h1250
=CAT  \\$a10806$b40$c20180426$lBLL01$h1251
=CAT  \\$aW1902-1304$c20190314$lBLL01$h1242
=CAT  \\$aBATCH-UPD$b00$c20190314$lBLL01$h1620
=CAT  \\$aIPL-CLA$c20190331$lBLL01$h1732
=CAT  \\$aDEL-3PM$c20190409$lBLL01$h0908
=CAT  \\$aBATCH-CLA$b00$c20191219$lBLL01$h1802
=CAT  \\$aIPL-CLA$c20191231$lBLL01$h2041
=CAT  \\$aR2001-1524$c20200127$lBLL01$h2105
=CAT  \\$aBATCH-CLA$b00$c20201204$lBLL01$h1614
=CAT  \\$aIPL-CLA$c20201231$lBLL01$h1533
=CAT  \\$aBATCH-CLA$b00$c20221221$lBLL01$h1931
=CAT  \\$aIPL-CLA$c20221231$lBLL01$h1453
=CFI  0\$aCurrent Copyright Fee: GBP25.00$c0$e01-jan-2023$fGBP25.00$g0$hA$5Uk
=CFI  2\$aPrevious Copyright Fee: GBP22.50$c0$e01-jan-2021$fGBP22.50$g0$hA$5Uk
=FIN  \\$aY$d20150421
=FMT  \\$a  SE
=LAS  \\$aIPL-CLA$b00$c20221231$lBLL01$h1453
=LET  \0$aNumerical mathematics (Electronic)
=LKR  \\$aPAR$b007176913$lBLL01$nNumerical mathematics (Print)$mNumerical mathematics (Online)$r776
=MNI  \\$a1004-8979
=SID  \\$aZ39$bOCLC

