=LDR  01835cas a2200517 i 4500
=001  017167609
=003  Uk
=005  20160616091225.0
=006  m\\\\\|\\d\|\\\\\\
=007  cr\|||||||||||
=008  150422c20159999enkuu\p\o\\\\\0\\\a0eng\\
=015  \\$aGBB578881$2bnb
=022  \\$a2352-6440
=037  \\$aISSN_23526440$bPortico$nElsevier
=040  \\$aUk$beng$cUk$erda
=042  \\$aukblsr
=082  04$a617.1005$223
=245  00$aTrauma case reports.
=264  \1$aLondon :$bElsevier Ltd,$c2015-
=300  \\$billustrations (black and white, and colour)
=336  \\$atext$2rdacontent
=337  \\$acomputer$2rdamedia
=338  \\$aonline resource$2rdacarrier
=362  0\$aVolume 1, issues 1/2 (February 2015)-
=500  \\$aTitle from PDF article (ScienceDirect, viewed June 18, 2015).
=540  \\$aCurrent copyright fee: zero$c5\1$5Uk
=650  \0$aWounds and injuries$vPeriodicals.
=650  \0$aTraumatology$vPeriodicals.
=852  41$aBritish Library$bHMNTS$jELD Digital store$3Volume 1: Issue 1/2(2015)-
=856  \\$31850-9999$uhttp://www.sciencedirect.com/$xBLDSS
=856  40$uhttp://www.sciencedirect.com/science/journal/23526440
=859  \\$aELD$bejournal
=985  \\$aISSN Portal work level record - 222 not added 18/6/2015
=CAT  \\$a11384$b40$c20150422$lBLL01$h0953
=CAT  \\$a11316$b40$c20150618$lBLL01$h1022
=CAT  \\$a5552$b40$c20160509$lBLL01$h0835
=CAT  \\$aBLDSS-3PM$b00$c20160516$lBLL01$h1454
=CAT  \\$a5552$b40$c20160616$lBLL01$h0912
=CAT  \\$aW1711-1005$c20171206$lBLL01$h1828
=CFI  0\$aCurrent copyright fee: zero$c5\1$e09-may-2016$fGBP0.00$g0$hP$5Uk
=FFP  \\$aY$bBLDSS-3PM
=FIN  \\$aY$d20150618
=FMT  \\$a  SE
=LAS  \\$aW1711-1005$b00$c20171206$lBLL01$h1828
=LET  \0$aTrauma case reports (Electronic)
=MNI  \\$a2352-6440

