=LDR  02379 as a2200601 i 4500
=001  017171238
=003  Uk
=005  20160429110125.0
=006  m\\\\\|\\d\|\\\\\\
=007  cr\|||||||||||
=008  150428c20159999ne\uu\p\o\\\\\0\\\a0eng\\
=015  \\$aGBB563750$2bnb
=022  \\$a2351-9886
=037  \\$aISSN_23519886$bPortico$nElsevier
=040  \\$aUk$beng$cUk$erda
=042  \\$aukblsr
=082  04$a620.105$223
=245  00$aCase studies in mechanical systems and signal processing.
=246  13$aCSMSSP
=264  \1$a[Amsterdam] :$bElsevier,$c2015-
=336  \\$atext$2rdacontent
=337  \\$acomputer$2rdamedia
=338  \\$aonline resource$2rdacarrier
=362  1\$aBegan in 2015.
=500  \\$aTitle from journal home page (ScienceDirect, viewed May 14, 2015).
=540  \\$aCurrent Copyright Fee: zero$c5\1$5Uk
=588  \\$aDescription based on: article available online 14 April 2015 (ScienceDirect, viewed May 14, 2015).
=650  \0$aMechanical engineering$vCase studies$vPeriodicals.
=650  \0$aIndustrial engineering$vCase studies$vPeriodicals.
=650  \0$aSignal processing$vCase studies$vPeriodicals.
=852  41$aBritish Library$bHMNTS$jELD Digital store$3Volume 1(2015)-Volume 4(2016)
=856  \\$31850-9999$uhttp://www.sciencedirect.com/$xBLDSS
=856  40$uhttp://www.journals.elsevier.com/case-studies-in-mechanical-systems-and-signal-processing/
=859  \\$aELD$bejournal
=985  \\$aISSN work record only on portal.
=CAT  \\$a10983$b40$c20150428$lBLL01$h0744
=CAT  \\$a11205$b40$c20150514$lBLL01$h1131
=CAT  \\$aBATCH-CLA$b00$c20150529$lBLL01$h1528
=CAT  \\$aIPL-CLA$c20150630$lBLL01$h1725
=CAT  \\$aBATCH-CLA$b00$c20151127$lBLL01$h1628
=CAT  \\$aWR15058$c20151230$lBLL01$h1442
=CAT  \\$a5552$b40$c20160429$lBLL01$h1101
=CAT  \\$aBLDSS-3PM$b00$c20160505$lBLL01$h1703
=CAT  \\$aBATCH-UPD$b00$c20160713$lBLL01$h1604
=CAT  \\$aW1711-1005$c20171206$lBLL01$h1828
=CFI  0\$aCurrent copyright fee: zero$c5\1$e29-apr-2016$fGBP0.00$g0$hP$5Uk
=CFI  2\$aPrevious Copyright Fee: GBP21.00$c0$e01-jul-2015$fGBP21.00$g0$hC$5Uk
=FFP  \\$aY$bBLDSS-3PM
=FIN  \\$aY$d20150514
=FMT  \\$a  SE
=LAS  \\$aW1711-1005$b00$c20171206$lBLL01$h1828
=LET  \0$aCase studies in mechanical systems and signal processing (Electronic)
=MNI  \\$a2351-9886

