=LDR  02383cas a2200613 i 4500
=001  017175776
=003  Uk
=005  20230511163111.0
=007  ta
=008  150429c20149999pl\fr\p\\\\\\\0\\\b0pol\\
=022  0\$a2353-8937
=040  \\$aUk$beng$cUk$erda
=041  0\$apol$aeng$bpol$beng
=042  \\$aukblsr
=082  04$a300.5$223
=245  00$aSpołeczeństwo i Ekonomia =$bSociety and economics /$cUniwersytet Ekonomiczny we Wrocławiu.
=246  31$aSociety and economics
=264  \1$aWrocław :$bWydawnictwo Uniwersytetu Ekonomicznego we Wrocławiu,$c2014-
=300  \\$billustrations (black and white) ;$c24 cm
=310  \\$aSemiannual
=336  \\$atext$2rdacontent
=337  \\$aunmediated$2rdamedia
=338  \\$avolume$2rdacarrier
=362  0\$a1 (1) 2014-
=540  \\$aBritish Library not licensed to copy$c0$5Uk
=546  \\$aText and summaries in Polish and English.
=595  \\$aComes with 14882219
=650  \0$aSocial sciences$vPeriodicals.
=650  \0$aSocial sciences$xResearch$vPeriodicals.
=710  2\$aUniwersytet Ekonomiczny we Wrocławiu,$eissuing body.
=780  00$tNauki Społeczne$x2080-6019
=852  41$aBritish Library$bDSC$j8417.740000$3Vol. 1, pt. 1 (2014)-
=945  \\$aSpoleczenstwo i Ekonomia
=959  \\$fCurrently received
=985  \\$aKey title not added, work record on ISSN Portal.
=ACF  \\$aPrevious Copyright Fee: GBP15.00$c0$e01-jan-2017$fGBP15.00$g0$hA$5Uk
=ACF  \\$aPrevious copyright fee: GBP12.30$c0$e20-may-2015$fGBP12.30$g0$hA$5Uk
=CAT  \\$a11205$b40$c20150429$lBLL01$h1058
=CAT  \\$a9713$b40$c20150520$lBLL01$h1555
=CAT  \\$a9713$b40$c20150520$lBLL01$h1609
=CAT  \\$a5410$b40$c20150604$lBLL01$h1544
=CAT  \\$aBATCH-CLA$b00$c20161222$lBLL01$h1839
=CAT  \\$aIPL-CLA$c20161231$lBLL01$h0022
=CAT  \\$aBATCH-CLA$b00$c20171222$lBLL01$h2219
=CAT  \\$aIPL-CLA$c20171231$lBLL01$h1829
=CAT  \\$a12654$b40$c20190816$lBLL01$h1431
=CAT  \\$aBATCH-FIX$c20230511$lBLL01$h1631
=CFI  0\$aBritish Library not licensed to copy$c0$e16-aug-2019$hC$iTX$5Uk
=CFI  2\$aPrevious Copyright Fee: GBP17.50$c0$e01-jan-2018$fGBP17.50$g0$hA$5Uk
=FIN  \\$aY$d20150429
=FMT  \\$a  SE
=LAS  \\$aBATCH-FIX$b00$c20230511$lBLL01$h1631
=LKR  \\$aPAR$b016247912$lBLL01$nNauki Społeczne$mSpołeczeństwo i Ekonomia$r78000
=TOC  \\$aETOC

