=LDR  03363cas a2200841 i 4500
=001  017374466
=003  Uk
=005  20230511163112.0
=006  m\\\\\\\\d\|\\\\\\
=007  cr||||||||||||
=008  150528c20159999enkuu\p\o\\\\\0\\\a0eng\\
=015  \\$aGBB6C6764$2bnb
=022  0\$a2059-3031
=037  \\$aISSN_20593031$bPortico$nWiley
=040  \\$aUk$beng$cUk$erda
=042  \\$aukblsr
=082  04$a331$223
=210  0\$aWorld employ. soc. outlook
=222  \0$aWorld employment and social outlook
=245  00$aWorld employment and social outlook.
=246  14$aWorld employment social outlook
=264  \1$a[Hoboken, N.J.?] :$bWiley-Blackwell,$c2015-
=336  \\$atext$2rdacontent
=337  \\$acomputer$2rdamedia
=338  \\$aonline resource$2rdacarrier
=362  0\$aVolume 2015, issue 1 (January 2015)-
=500  \\$aTitle from journal homepage (Wiley Online Library, viewed July 27, 2016).
=530  \\$aAlso issued in print.
=540  \\$aBritish Library not licensed to copy$c0$5Uk
=650  \0$aLabor$vPeriodicals.
=650  \0$aLabor policy$vPeriodicals.
=650  \0$aLabor market$vPeriodicals.
=690  7\$aManagement and Business Studies$2blcoll
=690  7\$aSocial Welfare$2blcoll
=710  2\$aInternational Labour Organization,$eissuing body.
=780  00$tWorld of work report$x2049-9280
=787  0\$tWorld employment social outlook. Trends
=852  41$aBritish Library$bHMNTS$jELD Digital store$3Volume 2015:Issue 1(2015)-
=856  40$uhttp://onlinelibrary.wiley.com/journal/10.1002/(ISSN)2059-3031
=859  \\$aELD$bejournal
=945  \\$aWorld employment and social outlook..
=979  \\$aBritish Library$bDSC$j9354.803190N
=985  \\$aISSN transferred to US ISSN Center ahead of completion, as published by John Wiley (multinational publisher agreement), March 14 2016.
=ACF  \\$aPrevious copyright fee: GBP28.00$c35\0$e11-jul-2019$fGBP28.00$g0$hP$5Uk
=CAT  \\$a11315$b40$c20150528$lBLL01$h1059
=CAT  \\$a14448$b40$c20160223$lBLL01$h1117
=CAT  \\$a11313$b40$c20160314$lBLL01$h0751
=CAT  \\$a11313$b40$c20160314$lBLL01$h0752
=CAT  \\$a10806$b40$c20160727$lBLL01$h1457
=CAT  \\$a10806$b40$c20160908$lBLL01$h1155
=CAT  \\$aBATCH-MBS$c20160916$lBLL01$h2115
=CAT  \\$aBATCH-SWP$c20160916$lBLL01$h2213
=CAT  \\$a10983$b40$c20170406$lBLL01$h1603
=CAT  \\$aW1711-1005$c20171206$lBLL01$h1828
=CAT  \\$a5552$b40$c20190711$lBLL01$h1349
=CAT  \\$aBLDSS-3PM$b00$c20190717$lBLL01$h1521
=CAT  \\$aBATCH-UPD$b00$c20190717$lBLL01$h1521
=CAT  \\$a5410$b40$c20190731$lBLL01$h1253
=CAT  \\$aBATCH-UPD$b40$c20200219$lBLL01$h1543
=CAT  \\$aIPL-CLA$c20200331$lBLL01$h1632
=CAT  \\$a12654$b40$c20230116$lBLL01$h1001
=CAT  \\$aDEL-3PM$c20230124$lBLL01$h1223
=CAT  \\$aBATCH-FIX$c20230511$lBLL01$h1631
=CFI  0\$aBritish Library not licensed to copy$c0$e16-jan-2023$hC$iTX$5Uk
=CFI  2\$aPrevious copyright fee: GBP32.00$c35\0$e01-apr-2020$fGBP32.00$g0$hP$5Uk
=FIN  \\$aY$d20160908
=FMT  \\$a  SE
=LAS  \\$aBATCH-FIX$b00$c20230511$lBLL01$h1631
=LET  \0$aWorld employment and social outlook (Electronic)
=LKR  \\$aPAR$b016061356$lBLL01$nWorld of work report$mWorld employment and social outlook$r78000
=MNI  \\$a2059-3031
=TOC  \\$aETOC
=UNO  \\$aY

