=LDR  02599cas a2200565 i 4500
=001  017375402
=003  Uk
=005  20230726170148.0
=006  m\\\\\|\\d\|\\\\\\
=007  cr\|||||||||||
=008  150529d20152016enk\x\p\o\\\\\0\\\a0eng\\
=015  \\$aGBB568556$2bnb
=040  \\$aUk$beng$cUk$dUk$erda
=042  \\$aukblsr
=082  04$a551$223
=245  00$aEarth heritage extra.
=246  13$aEH extra
=246  1\$iAlso known as:$aEarth heritage ezine
=264  \1$aLudlow :$bSeabury Salmon & Associates,$c2015-2016.
=310  \\$aIrregular
=336  \\$atext$2rdacontent
=337  \\$acomputer$2rdamedia
=338  \\$aonline resource$2rdacarrier
=362  0\$a[Issue 1] (May 2015)-[issue] 5 (December 2016).
=500  \\$a"An occasional supplement to: Earth heritage, the geological and landscape conservation publication, www.earthheritage.org.uk".
=500  \\$aTitle from PDF cover (publisher's Web site, viewed May 29, 2015).
=550  \\$a"Produced by Natural England, Scottish Natural Heritage, Natural Resources Wales and the Geologists' Association" - Earth Heritage welcome page.
=588  \\$aLatest issue consulted: [issue] 5 (December 2016).
=650  \0$aNature conservation$zGreat Britain$vPeriodicals.
=710  2\$aNatural England (Agency),$eissuing body.
=710  2\$aScottish Natural Heritage (Agency),$eissuing body.
=710  2\$aNatural Resources Wales (Agency),$eissuing body.
=710  2\$aGeologists' Association,$eissuing body.
=772  0\$tEarth heritage$x2054-0302
=852  41$aBritish Library$bHMNTS$jELD Digital store$3Issue 1(2015:May)-Issue 5(2016:Dec.)
=856  40$uhttp://www.earthheritage.org.uk/extra.html
=859  \\$aELD$bejournal
=985  \\$aDecided a separate record might be best on balance, as it probably qualifies as having a separate numbering system. "Issue 1" appears in the email blurb and "May 2015" differs from spring 2015. Individual issues might have separate issue numbering in future. Vicci didn't think worth sep ISSN for it; 26/7/23 closed with latest on website (issue 5).
=CAT  \\$a3072$b40$c20150529$lBLL01$h1453
=CAT  \\$a3072$b40$c20150529$lBLL01$h1458
=CAT  \\$a11316$b40$c20150603$lBLL01$h0949
=CAT  \\$aWR15_120$c20150910$lBLL01$h1829
=CAT  \\$a7416$b40$c20150928$lBLL01$h1148
=CAT  \\$aBATCH-UPD$b40$c20150928$lBLL01$h1150
=CAT  \\$aW1711-1005$c20171206$lBLL01$h1828
=CAT  \\$a3072$b40$c20230726$lBLL01$h1701
=FIN  \\$aY$d20150529
=FMT  \\$a  SE
=LAS  \\$a3072$b40$c20230726$lBLL01$h1701
=LET  \0$aEarth heritage extra (Electronic)

