=LDR  04854cas a2201045 i 4500
=001  017395915
=003  Uk
=005  20220930142953.0
=006  m\\\\\\\\d\\\\\\\\
=007  cr\|||||||||||
=008  150615c20159999xxuqx\p\o\\\\\0\\\a0eng\\
=022  \\$a2332-7731
=040  \\$aUk$beng$cUk$erda
=042  \\$aukblsr
=082  04$a621.3821$223
=245  00$aIEEE transactions on cognitive communications and networking.
=246  3\$aInstitute of Electrical and Electronics Engineers transactions on cognitive communications and networking
=246  13$aTCCN
=264  \1$aPiscataway, NJ :$bInstitute of Electrical and Electronics Engineers, Inc.,$c2015-
=300  \\$billustrations (black and white, and colour)
=310  \\$aFour issues yearly
=336  \\$atext$2rdacontent
=337  \\$acomputer$2rdamedia
=338  \\$aonline resource$2rdacarrier
=362  0\$aVolume 1, number 1 (March 2015)-
=500  \\$aTitle from PDF cover (IEEE Xplore, viewed March 15, 2016).
=540  \\$aCurrent copyright fee: GBP27.50$c32\0$5Uk
=588  \\$aLatest issue consulted: volume 1, number 3 (September 2015) (viewed March 15, 2016).
=650  \0$aCognitive radio networks$vPeriodicals.
=650  \0$aWireless communication systems$vPeriodicals.
=710  2\$aInstitute of Electrical and Electronics Engineers,$epublisher.
=710  2\$aIEEE Communications Society,$eissuing body.
=710  2\$aIEEE Signal Processing Society,$eissuing body.
=710  2\$aIEEE Computer Society,$eissuing body.
=852  41$aBritish Library$bDSC$j4363.167300$3Volume 1:Issue 1(2015)-***See ESTAR for full holdings.
=856  \\$31850-9999$uhttp://ieeexplore.ieee.org/Xplore/home.jsp$xBLDSS
=856  40$uhttp://ieeexplore.ieee.org/servlet/opac?punumber=6687307
=945  \\$aIEEE transactions on cognitive communications and networking.
=959  \\$fCurrently received
=985  \\$aWork record on ISSN Portal - 222 not added 15/3/2015 SF.
=ACF  \\$aPrevious copyright fee: GBP20.00$c32\0$e15-jun-2015$fGBP20.00$g0$hP$5Uk
=ACF  \\$aPrevious copyright fee: GBP21.38$c32\0$e01-apr-2016$fGBP21.38$g0$hP$5Uk
=ACF  \\$aPrevious copyright fee: GBP22.96$c32\0$e01-oct-2016$fGBP22.96$g0$hP$5Uk
=ACF  \\$aPrevious copyright fee: GBP24.44$c32\0$e01-jan-2017$fGBP24.44$g0$hP$5Uk
=ACF  \\$aPrevious copyright fee: GBP26.40$c32\0$e01-apr-2017$fGBP26.40$g0$hP$5Uk
=ACF  \\$aPrevious copyright fee: GBP25.38$c32\0$e01-oct-2017$fGBP25.38$g0$hP$5Uk
=ACF  \\$aPrevious copyright fee: GBP23.57$c32\0$e01-apr-2018$fGBP23.57$g0$hP$5Uk
=ACF  \\$aPrevious copyright fee: GBP25.38$c32\0$e01-oct-2018$fGBP25.38$g0$hP$5Uk
=ACF  \\$aPrevious copyright fee: GBP26.40$c32\0$e01-oct-2019$fGBP26.40$g0$hP$5Uk
=ACF  \\$aPrevious copyright fee: GBP25.38$c32\0$e01-apr-2020$fGBP25.38$g0$hP$5Uk
=ACF  \\$aPrevious copyright fee: GBP26.40$c32\0$e01-jul-2020$fGBP26.40$g0$hP$5Uk
=ACF  \\$aPrevious copyright fee: GBP24.44$c32\0$e01-apr-2021$fGBP24.44$g0$hP$5Uk
=ACF  \\$aPrevious copyright fee: GBP23.57$c32\0$e07-jul-2021$fGBP23.57$g0$hP$5Uk
=CAT  \\$a12654$b40$c20150615$lBLL01$h1037
=CAT  \\$aIPL-CLA$c20160930$lBLL01$h1644
=CAT  \\$aBATCH-UPD$b00$c20161122$lBLL01$h1535
=CAT  \\$aIPL-CLA$c20161231$lBLL01$h0023
=CAT  \\$aBATCH-UPD$b00$c20170221$lBLL01$h1736
=CAT  \\$aIPL-CLA$c20170331$lBLL01$h1923
=CAT  \\$aBATCH-UPD$b00$c20170904$lBLL01$h1937
=CAT  \\$aIPL-CLA$c20170929$lBLL01$h1808
=CAT  \\$aBATCH-UPD$b00$c20180223$lBLL01$h1813
=CAT  \\$aIPL-CLA$c20180331$lBLL01$h1712
=CAT  \\$aBATCH-UPD$b00$c20180823$lBLL01$h1953
=CAT  \\$aIPL-CLA$c20180930$lBLL01$h1518
=CAT  \\$aBATCH-UPD$b00$c20190829$lBLL01$h1553
=CAT  \\$aIPL-CLA$c20190930$lBLL01$h1654
=CAT  \\$aBATCH-UPD$b00$c20200219$lBLL01$h1534
=CAT  \\$aIPL-CLA$c20200331$lBLL01$h1632
=CAT  \\$aBATCH-UPD$b00$c20200522$lBLL01$h1517
=CAT  \\$aIPL-CLA$c20200701$lBLL01$h0118
=CAT  \\$aBATCH-UPD$b00$c20210226$lBLL01$h1100
=CAT  \\$aIPL-CLA$c20210331$lBLL01$h1703
=CAT  \\$aBATCH-UPD$b00$c20210707$lBLL01$h1623
=CAT  \\$aIPL-CLA$c20210707$lBLL01$h1845
=CAT  \\$aBATCH-UPD$b00$c20220520$lBLL01$h1704
=CAT  \\$aIPL-CLA$c20220630$lBLL01$h1540
=CAT  \\$aBATCH-UPD$b00$c20220824$lBLL01$h0928
=CAT  \\$aIPL-CLA$c20220930$lBLL01$h1429
=CFI  0\$aCurrent copyright fee: GBP27.50$c32\0$e01-oct-2022$fGBP27.50$g0$hP$5Uk
=CFI  2\$aPrevious copyright fee: GBP26.40$c32\0$e01-jul-2022$fGBP26.40$g0$hP$5Uk
=EST  \\$a1
=FFP  \\$aY$bBLDSS-3PM
=FIN  \\$aY$d20160315
=FMT  \\$a  SE
=LAS  \\$aIPL-CLA$b00$c20220930$lBLL01$h1429
=LET  \0$aIEEE transactions on cognitive communications and networking (Electronic)
=MNI  \\$a2332-7731
=TOC  \\$aETOC
=UNO  \\$aY

