=LDR  04904cas a2201057 i 4500
=001  017395950
=003  Uk
=005  20230302093052.0
=006  m\\\\\\\\d\\\\\\\\
=007  cr\|||||||||||
=008  150615c20159999njuqx\p\s\\\\\0\\\a0eng\\
=022  \\$y2332-7782
=040  \\$aUk$beng$cUk$erda
=042  \\$aukblsr
=082  04$a625$223
=245  00$aIEEE transactions on transportation electrification.
=246  3\$aInstitute of Electrical and Electronics Engineers on transport electronics electrification
=264  \1$a[Piscataway, NJ] :$bThe Institute of Electrical and Electronics Engineers, Inc.,$c2015-
=300  \\$billustrations (black and white, and colour)
=310  \\$aFour times a year
=336  \\$atext$2rdacontent
=337  \\$acomputer$2rdamedia
=338  \\$aonline resource$2rdacarrier
=362  0\$aVolume 1, number 1 (June 2015)-
=500  \\$aTitle from pdf of front cover (IEEE Xplore, viewed August 25, 2015).
=515  \\$aA publication of: The IEEE Power Electronics Society; The IEEE Industry Applications Society; The IEEE Power & Energy Society; The IEEE Vehicular Technology Society.
=538  \\$aMode of access: World Wide Web.
=540  \\$aCurrent copyright fee: GBP27.50$c32\0$5Uk
=588  \\$aLatest issue consulted: Volume 1, number 2 (August 2015) (viewed August 25, 2015).
=650  \0$aTransportation engineering$vPeriodicals.
=650  \0$aElectrification$vPeriodicals.
=650  \0$aElectric vehicles$vPeriodicals.
=710  2\$aIEEE Power Electronics Society,$eissuing body.
=710  2\$aIEEE Industry Applications Society,$eissuing body.
=710  2\$aIEEE Power & Energy Society,$eissuing body.
=710  2\$aVehicular Technology Society,$eissuing body.
=852  41$aBritish Library$bDSC$j4363.227300$3Volume 1:Issue 1(2015)-
=856  40$31850-9999$uhttp://ieeexplore.ieee.org/Xplore/home.jsp$xBLDSS
=945  \\$aIEEE transactions on transportation electrification.
=959  \\$fCurrently received
=985  \\$aISSN still work record on portal 25/8/15
=ACF  \\$aPrevious copyright fee: GBP20.00$c32\0$e15-jun-2015$fGBP20.00$g0$hP$5Uk
=ACF  \\$aPrevious copyright fee: GBP21.38$c32\0$e01-apr-2016$fGBP21.38$g0$hP$5Uk
=ACF  \\$aPrevious copyright fee: GBP22.96$c32\0$e01-oct-2016$fGBP22.96$g0$hP$5Uk
=ACF  \\$aPrevious copyright fee: GBP24.44$c32\0$e01-jan-2017$fGBP24.44$g0$hP$5Uk
=ACF  \\$aPrevious copyright fee: GBP26.40$c32\0$e01-apr-2017$fGBP26.40$g0$hP$5Uk
=ACF  \\$aPrevious copyright fee: GBP25.38$c32\0$e01-oct-2017$fGBP25.38$g0$hP$5Uk
=ACF  \\$aPrevious copyright fee: GBP23.57$c32\0$e01-apr-2018$fGBP23.57$g0$hP$5Uk
=ACF  \\$aPrevious copyright fee: GBP25.38$c32\0$e01-oct-2018$fGBP25.38$g0$hP$5Uk
=ACF  \\$aPrevious copyright fee: GBP26.40$c32\0$e01-oct-2019$fGBP26.40$g0$hP$5Uk
=ACF  \\$aPrevious copyright fee: GBP25.38$c32\0$e01-apr-2020$fGBP25.38$g0$hP$5Uk
=ACF  \\$aPrevious copyright fee: GBP26.40$c32\0$e01-jul-2020$fGBP26.40$g0$hP$5Uk
=ACF  \\$aPrevious copyright fee: GBP24.44$c32\0$e01-apr-2021$fGBP24.44$g0$hP$5Uk
=ACF  \\$aPrevious copyright fee: GBP23.57$c32\0$e07-jul-2021$fGBP23.57$g0$hP$5Uk
=CAT  \\$a12654$b40$c20150615$lBLL01$h1059
=CAT  \\$aIPL-CLA$c20160930$lBLL01$h1644
=CAT  \\$aBATCH-UPD$b00$c20161122$lBLL01$h1535
=CAT  \\$aIPL-CLA$c20161231$lBLL01$h0023
=CAT  \\$aBATCH-UPD$b00$c20170221$lBLL01$h1736
=CAT  \\$aIPL-CLA$c20170331$lBLL01$h1923
=CAT  \\$aBATCH-UPD$b00$c20170904$lBLL01$h1937
=CAT  \\$aIPL-CLA$c20170929$lBLL01$h1808
=CAT  \\$aBATCH-UPD$b00$c20180223$lBLL01$h1813
=CAT  \\$aIPL-CLA$c20180331$lBLL01$h1712
=CAT  \\$aBATCH-UPD$b00$c20180823$lBLL01$h1953
=CAT  \\$aIPL-CLA$c20180930$lBLL01$h1518
=CAT  \\$aBATCH-UPD$b00$c20190829$lBLL01$h1553
=CAT  \\$aIPL-CLA$c20190930$lBLL01$h1654
=CAT  \\$aBATCH-UPD$b00$c20200219$lBLL01$h1534
=CAT  \\$aIPL-CLA$c20200331$lBLL01$h1632
=CAT  \\$aBATCH-UPD$b00$c20200522$lBLL01$h1517
=CAT  \\$aIPL-CLA$c20200701$lBLL01$h0118
=CAT  \\$aBATCH-UPD$b00$c20210226$lBLL01$h1100
=CAT  \\$aIPL-CLA$c20210331$lBLL01$h1703
=CAT  \\$aBATCH-UPD$b00$c20210707$lBLL01$h1623
=CAT  \\$aIPL-CLA$c20210707$lBLL01$h1845
=CAT  \\$aBATCH-UPD$b00$c20220520$lBLL01$h1704
=CAT  \\$aIPL-CLA$c20220630$lBLL01$h1540
=CAT  \\$aBATCH-UPD$b00$c20220824$lBLL01$h0928
=CAT  \\$aIPL-CLA$c20220930$lBLL01$h1429
=CAT  \\$a14185$b40$c20230302$lBLL01$h0930
=CFI  0\$aCurrent copyright fee: GBP27.50$c32\0$e01-oct-2022$fGBP27.50$g0$hP$5Uk
=CFI  2\$aPrevious copyright fee: GBP26.40$c32\0$e01-jul-2022$fGBP26.40$g0$hP$5Uk
=EST  \\$a1
=FFP  \\$aY$bBLDSS-3PM
=FIN  \\$aY$d20150825
=FMT  \\$a  SE
=LAS  \\$a14185$b40$c20230302$lBLL01$h0930
=MNI  \\$a2332-7782
=TOC  \\$aETOC
=UNO  \\$aY

