=LDR  05095cas a2201117 i 4500
=001  017482683
=003  Uk
=005  20220930142959.0
=006  m\\\\\o\\d\\\\\\\\
=007  cr\|||||||||||
=008  140221c20159999njuqr\p\o\\\\\|\\\a0eng\\
=010  \\$a  2014201525
=022  0\$a2333-9403$21
=035  \\$a(OCoLC)870905085
=040  \\$aDLC$beng$cDLC$dDLC$dOCLCO$dCUS$dOCLCO$dCUS$dOCLCF$dOCLCO$dUk$erda
=042  \\$aukblsr
=050  14$aTA1632
=082  04$a006.42$223
=222  \0$aIEEE transactions on computational imaging
=245  00$aIEEE transactions on computational imaging.
=246  30$aTransactions on computational imaging
=246  3\$aInstitute of Electrical and Electronics Engineers transactions on computational imaging
=264  \1$aPiscataway, NJ :$bIEEE,$c2015-
=300  \\$billustrations (black and white, and colour)
=310  \\$aQuarterly
=336  \\$atext$btxt$2rdacontent
=337  \\$acomputer$bc$2rdamedia
=338  \\$aonline resource$bcr$2rdacarrier
=362  0\$aVolume 1, number 1 (March 2015)-
=540  \\$aCurrent copyright fee: GBP27.50$c32\0$5Uk
=588  \\$aLatest issue consulted: Volume 2, issue 3 (2016) (IEEE Xplore, viewed November 9, 2016).
=650  \0$aImage processing$xDigital techniques$vPeriodicals.
=650  \0$aImaging systems$vPeriodicals.
=650  \7$aImage processing$xDigital techniques.$2fast$0(OCoLC)fst00967508
=650  \7$aImaging systems.$2fast$0(OCoLC)fst00967605
=655  \7$aPeriodicals.$2fast$0(OCoLC)fst01411641
=710  2\$aInstitute of Electrical and Electronics Engineers,$eissuing body.
=776  08$iCD-ROM version:$tIEEE transactions on computational imaging (CD-ROM)$x2334-0118
=852  41$aBritish Library$bDSC$j4363.174350$3Volume 1:Issue 1(2015)-***See ESTAR for full holdings.
=856  \\$31850-9999$uhttp://ieeexplore.ieee.org/Xplore/home.jsp$xBLDSS
=856  41$uhttp://ieeexplore.ieee.org/servlet/opac?punumber=6745852
=856  40$uhttp://ieeexplore.ieee.org/xpl/mostRecentIssue.jsp?punumber=6745852
=945  \\$aIEEE transactions on computational imaging.
=959  \\$fCurrently received
=985  \\$aISSN work record only
=ACF  \\$aPrevious copyright fee: GBP20.67$c32\0$e10-aug-2015$fGBP20.67$g0$hP$5Uk
=ACF  \\$aPrevious copyright fee: GBP20.00$c32\0$e01-oct-2015$fGBP20.00$g0$hP$5Uk
=ACF  \\$aPrevious copyright fee: GBP21.38$c32\0$e01-apr-2016$fGBP21.38$g0$hP$5Uk
=ACF  \\$aPrevious copyright fee: GBP22.96$c32\0$e01-oct-2016$fGBP22.96$g0$hP$5Uk
=ACF  \\$aPrevious copyright fee: GBP24.44$c32\0$e01-jan-2017$fGBP24.44$g0$hP$5Uk
=ACF  \\$aPrevious copyright fee: GBP26.40$c32\0$e01-apr-2017$fGBP26.40$g0$hP$5Uk
=ACF  \\$aPrevious copyright fee: GBP25.38$c32\0$e01-oct-2017$fGBP25.38$g0$hP$5Uk
=ACF  \\$aPrevious copyright fee: GBP23.57$c32\0$e01-apr-2018$fGBP23.57$g0$hP$5Uk
=ACF  \\$aPrevious copyright fee: GBP25.38$c32\0$e01-oct-2018$fGBP25.38$g0$hP$5Uk
=ACF  \\$aPrevious copyright fee: GBP26.40$c32\0$e01-oct-2019$fGBP26.40$g0$hP$5Uk
=ACF  \\$aPrevious copyright fee: GBP25.38$c32\0$e01-apr-2020$fGBP25.38$g0$hP$5Uk
=ACF  \\$aPrevious copyright fee: GBP26.40$c32\0$e01-jul-2020$fGBP26.40$g0$hP$5Uk
=ACF  \\$aPrevious copyright fee: GBP24.44$c32\0$e01-apr-2021$fGBP24.44$g0$hP$5Uk
=ACF  \\$aPrevious copyright fee: GBP23.57$c32\0$e07-jul-2021$fGBP23.57$g0$hP$5Uk
=CAT  \\$a12654$b40$c20150810$lBLL01$h0803
=CAT  \\$aBATCH-UPD$b40$c20161122$lBLL01$h1535
=CAT  \\$aIPL-CLA$c20161231$lBLL01$h0023
=CAT  \\$aBATCH-UPD$b00$c20170221$lBLL01$h1736
=CAT  \\$aIPL-CLA$c20170331$lBLL01$h1923
=CAT  \\$aBATCH-UPD$b00$c20170904$lBLL01$h1937
=CAT  \\$aIPL-CLA$c20170929$lBLL01$h1809
=CAT  \\$aBATCH-UPD$b00$c20180223$lBLL01$h1813
=CAT  \\$aIPL-CLA$c20180331$lBLL01$h1713
=CAT  \\$aBATCH-UPD$b00$c20180823$lBLL01$h1953
=CAT  \\$aIPL-CLA$c20180930$lBLL01$h1518
=CAT  \\$aBATCH-UPD$b00$c20190829$lBLL01$h1553
=CAT  \\$aIPL-CLA$c20190930$lBLL01$h1654
=CAT  \\$aBATCH-UPD$b00$c20200219$lBLL01$h1534
=CAT  \\$aIPL-CLA$c20200331$lBLL01$h1633
=CAT  \\$aBATCH-UPD$b00$c20200522$lBLL01$h1518
=CAT  \\$aIPL-CLA$c20200701$lBLL01$h0119
=CAT  \\$aBATCH-UPD$b00$c20210226$lBLL01$h1100
=CAT  \\$aIPL-CLA$c20210331$lBLL01$h1703
=CAT  \\$a5552$b40$c20210408$lBLL01$h1012
=CAT  \\$aBATCH-UPD$b40$c20210707$lBLL01$h1623
=CAT  \\$aIPL-CLA$c20210707$lBLL01$h1845
=CAT  \\$aBATCH-UPD$b00$c20220520$lBLL01$h1704
=CAT  \\$aIPL-CLA$c20220630$lBLL01$h1540
=CAT  \\$aBATCH-UPD$b00$c20220824$lBLL01$h0928
=CAT  \\$aIPL-CLA$c20220930$lBLL01$h1429
=CFI  0\$aCurrent copyright fee: GBP27.50$c32\0$e01-oct-2022$fGBP27.50$g0$hP$5Uk
=CFI  2\$aPrevious copyright fee: GBP26.40$c32\0$e01-jul-2022$fGBP26.40$g0$hP$5Uk
=EST  \\$a1
=FFP  \\$aY$bBLDSS-3PM
=FIN  \\$aY$d20161109
=FMT  \\$a  SE
=LAS  \\$aIPL-CLA$b00$c20220930$lBLL01$h1429
=MNI  \\$a2573-0436
=SID  \\$aZ39$bOCLC
=TOC  \\$aETOC
=UNO  \\$aY

