=LDR  03548cas a2200841 i 4500
=001  017494857
=003  Uk
=005  20221231145341.0
=007  ta
=008  150818c20159999enkqr\p\\\\\\\0\\\a0eng\\
=015  \\$aGBB5B2388$2bnb
=022  0\$a2332-2373
=040  \\$aUk$beng$cUk$erda
=042  \\$aukblsr
=082  04$a658.009605$223
=245  00$aAfrica journal of management.
=246  13$aAJOM
=264  \1$a[Abingdon] :$bRoutledge, an imprint of Taylor & Francis, an Informa business,$c2015-
=300  \\$c25 cm
=310  \\$aQuarterly
=336  \\$atext$2rdacontent
=337  \\$aunmediated$2rdamedia
=338  \\$avolume$2rdacarrier
=362  0\$aVolume 1, number 1 (March 2015)-
=540  \\$aCurrent copyright fee: GBP37.00$c2\0$5Uk
=550  \\$a"Co-published quarterly on behalf of Africa Academy of Management."
=650  \0$aManagement$zAfrica$vPeriodicals.
=650  \0$aManagement science$zAfrica$vPeriodicals.
=690  7\$aManagement and Business Studies$2blcoll
=710  2\$aAfrica Academy of Management,$eissuing body.
=776  08$iAlso issued online as:$tAfrica journal of management$x2332-2381
=852  41$aBritish Library$bHMNTS$jZC.9.a.9504$3Vol. 1, no. 1 (Mar. 2015)-v. 1, no. 4 (Nov. 2015)***title now taken as electronic copy only
=856  \\$31850-9999$uhttp://www.tandfonline.com/$xBLDSS
=945  \\$aAfrica journal of management.
=979  \\$aBritish Library$bDSC$j0732.160736N
=985  \\$aWork record only on ISSN portal.
=ACF  \\$aPrevious Copyright Fee: GBP29.90$c0$e01-jan-2016$fGBP29.90$g0$hC$5Uk
=ACF  \\$aPrevious Copyright Fee: GBP28.75$c0$e01-oct-2015$fGBP28.75$g0$hC$5Uk
=ACF  \\$aPrevious copyright fee: GBP26.00$c2\0$e04-mar-2016$fGBP26.00$g0$hP$5Uk
=ACF  \\$aPrevious copyright fee: GBP28.00$c2\0$e01-jan-2017$fGBP28.00$g0$hP$5Uk
=ACF  \\$aPrevious copyright fee: GBP30.00$c2\0$e01-jan-2018$fGBP30.00$g0$hP$5Uk
=ACF  \\$aPrevious copyright fee: GBP32.00$c2\0$e01-jan-2019$fGBP32.00$g0$hP$5Uk
=ACF  \\$aPrevious copyright fee: GBP34.00$c2\0$e01-jan-2020$fGBP34.00$g0$hP$5Uk
=CAT  \\$a11205$b40$c20150818$lBLL01$h1104
=CAT  \\$aBATCH-CLA$b00$c20150828$lBLL01$h1542
=CAT  \\$aIPL-CLA$c20150930$lBLL01$h1856
=CAT  \\$aBATCH-MBS$c20151106$lBLL01$h2048
=CAT  \\$a11316$b40$c20151111$lBLL01$h1507
=CAT  \\$aBATCH-CLA$b00$c20151127$lBLL01$h1629
=CAT  \\$aIPL-CLA$c20151231$lBLL01$h1937
=CAT  \\$a5552$b40$c20160304$lBLL01$h1140
=CAT  \\$aBLDSS-3PM$b00$c20160308$lBLL01$h0937
=CAT  \\$aBATCH-UPD$b00$c20160413$lBLL01$h1829
=CAT  \\$a5552$b40$c20161007$lBLL01$h1337
=CAT  \\$aBATCH-UPD$b40$c20161122$lBLL01$h1515
=CAT  \\$aIPL-CLA$c20161231$lBLL01$h0023
=CAT  \\$aBATCH-UPD$b00$c20171121$lBLL01$h1651
=CAT  \\$aIPL-CLA$c20171231$lBLL01$h1830
=CAT  \\$aBATCH-UPD$b00$c20181217$lBLL01$h1641
=CAT  \\$aIPL-CLA$c20181231$lBLL01$h1555
=CAT  \\$aBATCH-UPD$b00$c20191122$lBLL01$h1903
=CAT  \\$aIPL-CLA$c20191231$lBLL01$h2041
=CAT  \\$aBATCH-UPD$b00$c20201118$lBLL01$h1337
=CAT  \\$aIPL-CLA$c20201231$lBLL01$h1533
=CAT  \\$aBATCH-UPD$b00$c20221121$lBLL01$h1350
=CAT  \\$aIPL-CLA$c20221231$lBLL01$h1453
=CFI  0\$aCurrent copyright fee: GBP37.00$c2\0$e01-jan-2023$fGBP37.00$g0$hP$5Uk
=CFI  2\$aPrevious copyright fee: GBP35.00$c2\0$e01-jan-2021$fGBP35.00$g0$hP$5Uk
=FFP  \\$aY$bBLDSS-3PM
=FIN  \\$aY$d20150818
=FMT  \\$a  SE
=LAS  \\$aIPL-CLA$b00$c20221231$lBLL01$h1453
=TOC  \\$aETOC

