=LDR  01540cas a2200409 i 4500
=001  017505223
=003  Uk
=005  20220913115526.0
=007  ta
=008  150824d20152015pl\qr\p\\\\\\\0\\\a0eng\\
=022  0\$a2449-6421
=040  \\$aUk$beng$cUk$erda
=041  0\$aeng$apol
=042  \\$aukblsr
=082  04$a622.05$223
=245  00$aMining - informatics, automation and electrical engineering :$bscientific and technical journal.
=246  13$aAutomatyka, elektronika i informatyka w górnictwie - MIAG
=264  \1$aKatowice, Poland :$bInstytut Technik Innowacyjnych EMAG,$c2015-
=300  \\$billustrations (black and white, and colour) ;$c30 cm
=310  \\$aQuarterly
=336  \\$atext$2rdacontent
=337  \\$aunmediated$2rdamedia
=338  \\$avolume$2rdacarrier
=362  0\$a1 (521) 2015-
=546  \\$aText in English and Polish.
=650  \0$aMineral industries$vPeriodicals.
=650  \0$aMining engineering$vPeriodicals.
=780  00$tMechanizacja i automatyzacja górnictwa$b0208-7448
=852  11$aBritish Library$bSTI$k(P)$h622.05$m-E(1)$3Issue 1 (2015)-issue 4 (2015)
=985  \\$aWork record only on ISSN portal. 24/8/15.
=CAT  \\$a11205$b40$c20150824$lBLL01$h1626
=CAT  \\$a11205$b40$c20150824$lBLL01$h1630
=CAT  \\$a6490$b40$c20220913$lBLL01$h1155
=FIN  \\$aY$d20150824
=FMT  \\$a  SE
=LAS  \\$a6490$b40$c20220913$lBLL01$h1155
=LKR  \\$aPAR$b011479480$lBLL01$nMechanizacja i automatyzacja górnictwa$mMining - informatics, automation and electrical engineering$r78000

