=LDR  02068 as a2200493 i 4500
=001  017543368
=003  Uk
=005  20150915090531.0
=007  ta
=008  150915c20149999sz\ar\\\\\s\\\0\\\a0eng\\
=022  0\$y2297-4504
=040  \\$aUk$beng$cUk$erda
=042  \\$aukblsr
=082  04$a332.1109494$223
=245  00$aSwiss balance of payments and international investment position /$cSchweizerische Nationalbank.
=264  \1$aZurich :$bSwiss National Bank Statistics,$c2015-
=300  \\$billustrations (colour) ;$c30 cm
=310  \\$aAnnual
=336  \\$atext$2rdacontent
=337  \\$aunmediated$2rdamedia
=338  \\$avolume$2rdacarrier
=362  0\$aVolume 1 (2014)-
=530  \\$aIssued also online.
=610  20$aSchweizerische Nationalbank$vPeriodicals.
=610  20$aSchweizerische Nationalbank$vStatistics$vPeriodicals.
=650  \0$aBanks and banking, Central$zSwitzerland$vPeriodicals.
=650  \0$aBanks and banking, Central$zSwitzerland$vStatistics$vPeriodicals.
=650  \0$aInvestments, Swiss$vStatistics$vPeriodicals.
=650  \0$aInvestments, Foreign$zSwitzerland$vStatistics$vPeriodicals.
=690  7\$aManagement and Business Studies$2blcoll
=710  2\$aSchweizerische Nationalbank,$eissuing body.
=780  04$tSwiss balance of payments$x1661-1519
=780  04$tSwitzerland's international investment position in$x1662-4351
=852  41$aBritish Library$bHMNTS$jOPJ.9.x.160$32014-2017
=985  \\$aISSN free on portal. 15/9/2015.
=CAT  \\$a11205$b40$c20150915$lBLL01$h0846
=CAT  \\$a11205$b40$c20150915$lBLL01$h0850
=CAT  \\$a11205$b40$c20150915$lBLL01$h0905
=CAT  \\$aBATCH-MBS$c20150925$lBLL01$h2103
=FIN  \\$aY$d20150915
=FMT  \\$a  SE
=LAS  \\$aBATCH-MBS$b00$c20150925$lBLL01$h2103
=LKR  \\$aPAR$b013775896$lBLL01$nSwiss balance of payments$mSwiss balance of payments and international investment position$r78004
=LKR  \\$aPAR$b014881018$lBLL01$nSwitzerland's international investment position in$mSwiss balance of payments and international investment position$r78004

