=LDR  02643cas a2200637 i 4500
=001  017551676
=003  Uk
=005  20230511163115.0
=007  ta
=008  150918c20159999pl\br\p\\\\\\\0\\\b0pol\\
=022  0\$y2450-1409
=040  \\$aUk$beng$cUk$erda
=042  \\$aukblsr
=082  04$a616.2$223
=130  0\$aPneumonologia i alergologia Polska.$lPolish.
=245  10$aPneumonologia i alergologia Polska.
=250  \\$aWydanie Polskie.
=264  \1$aGdańsk :$bVM Media,$c2015-
=300  \\$billustrations (black and white) ;$c29 cm
=310  \\$aBimonthly
=336  \\$atext$2rdacontent
=337  \\$aunmediated$2rdamedia
=338  \\$avolume$2rdacarrier
=362  0\$atom 1, numer 1 (lipiec/sierpień, 2015)-
=540  \\$aBritish Library not licensed to copy$c0$5Uk
=580  \\$aIssued also in English: Pneumonologia i alergologia Polska.
=650  \0$aAllergy$vPeriodicals.
=650  \0$aRespiratory organs$xDiseases$vPeriodicals.
=710  2\$aPolskie Towarzystwo Chorób Płuc.
=775  1\$tPneumonologia i alergologia Polska$x0867-7077
=852  41$aBritish Library$bDSC$j6541.112300$3Vol. 1, no. 1 (2015)-v. 84, suppl. 7 (2016)
=945  \\$aPneumonologia i alergologia polska. Polish
=959  \\$fHeld but not currently received
=985  \\$aISSN 2450-1409 not yet confirmed in Portal @ 16/11/15 (Richard Brown (Leeds))
=ACF  \\$aPrevious Copyright Fee: GBP15.00$c0$e01-jan-2017$fGBP15.00$g0$hA$5Uk
=ACF  \\$aPrevious copyright fee: GBP12.30$c0$e27-nov-2015$fGBP12.30$g0$hA$5Uk
=CAT  \\$a10806$b40$c20150918$lBLL01$h0918
=CAT  \\$a10806$b40$c20150918$lBLL01$h0935
=CAT  \\$a10806$b40$c20151012$lBLL01$h0745
=CAT  \\$a10806$b40$c20151116$lBLL01$h0751
=CAT  \\$a9713$b40$c20151127$lBLL01$h1128
=CAT  \\$aBATCH-CLA$b00$c20161222$lBLL01$h1839
=CAT  \\$aIPL-CLA$c20161231$lBLL01$h0024
=CAT  \\$aBATCH-CLA$b00$c20171222$lBLL01$h2220
=CAT  \\$aIPL-CLA$c20171231$lBLL01$h1830
=CAT  \\$a12654$b40$c20190816$lBLL01$h1215
=CAT  \\$a12654$b40$c20190816$lBLL01$h1217
=CAT  \\$a11385$b40$c20191107$lBLL01$h1125
=CAT  \\$aBATCH-FIX$c20230511$lBLL01$h1631
=CFI  0\$aBritish Library not licensed to copy$c0$e16-aug-2019$hC$iTX$5Uk
=CFI  2\$aPrevious Copyright Fee: GBP17.50$c0$e01-jan-2018$fGBP17.50$g0$hA$5Uk
=FIN  \\$aY$d20150918
=FMT  \\$a  SE
=LAS  \\$aBATCH-FIX$b00$c20230511$lBLL01$h1631
=LET  \0$aPneumonologia i alergologia Polska (Polish edition)
=LKR  \\$aPAR$b007865079$lBLL01$r775$mPneumonologia i alergologia Polska (Polish edition)$nPneumonologia i alergologia Polska (English edition)

