=LDR  01590cas a22003857i 4500
=001  017561529
=003  Uk
=005  20151001151335.0
=007  ta
=008  151001c20149999si\\x\m\\\\\\\0\\\a0eng\\
=022  0\$a2345-7503
=040  \\$aUk$beng$cUk$erda
=222  \0$aWorld Scientific series on environmental and energy economics and policy
=245  00$aWorld Scientific series on environmental and energy economics and policy.
=264  \1$aSingapore :$bWorld Scientific,$c2014-
=336  \\$atext$2rdacontent
=337  \\$aunmediated$2rdamedia
=338  \\$avolume$2rdacarrier
=362  0\$aVol. 12-
=710  2\$aWorld Scientific (Firm)
=780  00$tWorld Scientific series on energy and resource economics$x1793-4184
=852  41$aBritish Library$bDSC$j9360.006675$39 (2015); 12 (2014)-
=945  \\$aWorld Scientific series on environmental and energy economics and policy
=959  \\$fCurrently received
=985  \\$aISSN UK note: scans sent to ISSN Singapore for completion of ISSN 2345-7503 and confirmation of Key Title (Richard (Leeds), 01/10/15)
=CAT  \\$a10806$b40$c20151001$lBLL01$h0833
=CAT  \\$a10806$b40$c20151001$lBLL01$h0844
=CAT  \\$a8411$b40$c20151001$lBLL01$h1454
=CAT  \\$a8411$b40$c20151001$lBLL01$h1456
=CAT  \\$a8411$b40$c20151001$lBLL01$h1513
=FIN  \\$aY$d20151001
=FMT  \\$a  SE
=LAS  \\$a8411$b40$c20151001$lBLL01$h1513
=LKR  \\$aPAR$b014457402$lBLL01$r78000$mWorld Scientific series on environmental and energy economics and policy$nWorld Scientific series on energy and resource economics.
=TOC  \\$aETOC

