=LDR  02523cas a2200697 i 4500
=001  017575228
=003  Uk
=005  20190128112743.0
=006  m\\\\\o\\d\\\\\\\\
=007  cr\|||||||||||
=008  130408c20129999enkfx\poo\\\\\0\\\a0eng\c
=010  \\$a  2014243457
=015  \\$aGBB5E7609$2bnb
=016  7\$a101634502$2DNLM
=022  \\$y2193-6528
=035  \\$a(OCoLC)837044180
=037  \\$a???$bSpringer
=040  \\$aNz$beng$cUV0$dOCLCF$dNLM$dUk
=042  \\$aukblsr
=060  10$aW1
=082  04$a617.706$223
=245  00$aOphthalmology and therapy$h[electronic resource].
=260  \\$a[London] :$bSpringer Healthcare
=310  \\$aTwo times a year
=336  \\$atext$2rdacontent
=337  \\$acomputer$2rdamedia
=338  \\$aonline resource$2rdacarrier
=362  1\$aBegan with Vol. 1, no. 1 (Dec. 2012).
=500  \\$aFrom <October 2015- > co-published with Adis.
=540  \\$aCurrent Copyright Fee: zero$c22\1$5Uk
=588  \\$aDescription based on: Vol. 1, no. 1 (Dec. 2012); title from title screen (Springer Link Web site, viewed Apr. 09, 2013).
=588  \\$aLatest issue consulted: volume 4, issue 1 (June 2015) (viewed October 12, 2015).
=650  \0$aEye$xDiseases$xTreatment$vPeriodicals.
=650  \0$aOphthalmology$vPeriodicals.
=650  12$aEye Diseases$vPeriodicals.
=650  12$aOphthalmology$vPeriodicals.
=852  41$aBritish Library$bHMNTS$jELD Digital store$3Volume 4:Issue 2(2015)-
=856  \\$31850-9999$uhttp://link.springer.com/$xBLDSS
=856  40$uhttp://www.ncbi.nlm.nih.gov/pmc/journals/2528/
=856  40$uhttp://www.springerlink.com/openurl.asp?genre=journal&issn=2193-8245
=859  \\$aELD$bejournal
=945  \\$aOphthalmology and therapy.
=979  \\$aBritish Library$bDSC$j6271.811000N
=985  \\$aNot on ISSN Portal 12/10/2015
=CAT  \\$a11316$b40$c20151012$lBLL01$h1133
=CAT  \\$a10902$b40$c20151013$lBLL01$h1126
=CAT  \\$aW1711-1005$c20171206$lBLL01$h1828
=CAT  \\$a5552$b40$c20190128$lBLL01$h1127
=CAT  \\$aBATCH-UPD$b40$c20190129$lBLL01$h2354
=CAT  \\$aBLDSS-3PM$b00$c20190206$lBLL01$h0827
=CAT  \\$aBATCH-UPD$b00$c20190206$lBLL01$h0830
=CFI  0\$aCurrent copyright fee: zero$c22\1$e25-jan-2019$fGBP0.00$g0$hP$5Uk
=FFP  \\$aY$bBLDSS-3PM
=FIN  \\$aY$d20151012
=FMT  \\$a  SE
=LAS  \\$aBATCH-UPD$b00$c20190206$lBLL01$h0830
=LET  \0$aOphthalmology and therapy (Electronic)
=MNI  \\$a2193-8245
=SID  \\$aZ39$bOCLC
=TOC  \\$aETOC
=UNO  \\$aY

