=LDR  04471cas a2201009 i 4500
=001  017595659
=003  Uk
=005  20220930143001.0
=006  m\\\\\\\\d\\\\\\\\
=007  cr\|||||||||||
=008  151029c20159999njuqr\p\s\\\\\0\\\a0eng\\
=022  \\$y2332-7685
=040  \\$aUk$beng$cUk$erda
=042  \\$aukblsr
=082  04$a660.605$223
=245  00$aIEEE life sciences letters.
=246  3\$aInstitute of Electrical and Electronics Engineers life sciences letters
=246  30$aLife sciences letters
=246  13$aLSL
=264  \1$a[Piscataway, New Jersey?] :$bIEEE Life Sciences Technical Community,$c2015-
=310  \\$aQuarterly,$b2016-
=321  \\$aBimonthly,$b2015
=336  \\$atext$2rdacontent
=337  \\$acomputer$2rdamedia
=338  \\$aonline resource$2rdacarrier
=362  0\$aVol. 1, no. 1 (June 2015)-
=500  \\$aTitle from table of contents page (IEEE Xplore, viewed February 8, 2017).
=540  \\$aCurrent copyright fee: GBP27.50$c32\0$5Uk
=588  \\$aLatest issue consulted: volume 2, issue 3 (September 2016) (viewed February 8, 2017).
=650  \0$aBioengineering$vPeriodicals.
=650  \0$aPharmaceutical biotechnology$vPeriodicals.
=710  2\$aIEEE Life Sciences Technical Community,$eissuing body.
=852  \\$aBritish Library$bDSC$j4362.987900$3Volume 3:Issue 1(2017)-Volume 3:Issue 4(2017)
=856  40$uhttp://ieeexplore.ieee.org/xpl/mostRecentIssue.jsp?punumber=6687320
=856  40$31850-9999$uhttp://ieeexplore.ieee.org/Xplore/home.jsp$xBLDSS
=945  \\$aIEEE life sciences letters
=959  \\$fHeld but not currently received
=985  \\$aISSN still work record on Portal 8/2/17
=ACF  \\$aPrevious copyright fee: GBP20.00$c32\0$e29-Oct-2015$fGBP20.00$g0$hP$5Uk
=ACF  \\$aPrevious copyright fee: GBP21.38$c32\0$e01-apr-2016$fGBP21.38$g0$hP$5Uk
=ACF  \\$aPrevious copyright fee: GBP22.96$c32\0$e01-oct-2016$fGBP22.96$g0$hP$5Uk
=ACF  \\$aPrevious copyright fee: GBP24.44$c32\0$e01-jan-2017$fGBP24.44$g0$hP$5Uk
=ACF  \\$aPrevious copyright fee: GBP26.40$c32\0$e01-apr-2017$fGBP26.40$g0$hP$5Uk
=ACF  \\$aPrevious copyright fee: GBP25.38$c32\0$e01-oct-2017$fGBP25.38$g0$hP$5Uk
=ACF  \\$aPrevious copyright fee: GBP23.57$c32\0$e01-apr-2018$fGBP23.57$g0$hP$5Uk
=ACF  \\$aPrevious copyright fee: GBP25.38$c32\0$e01-oct-2018$fGBP25.38$g0$hP$5Uk
=ACF  \\$aPrevious copyright fee: GBP26.40$c32\0$e01-oct-2019$fGBP26.40$g0$hP$5Uk
=ACF  \\$aPrevious copyright fee: GBP25.38$c32\0$e01-apr-2020$fGBP25.38$g0$hP$5Uk
=ACF  \\$aPrevious copyright fee: GBP26.40$c32\0$e01-jul-2020$fGBP26.40$g0$hP$5Uk
=ACF  \\$aPrevious copyright fee: GBP24.44$c32\0$e01-apr-2021$fGBP24.44$g0$hP$5Uk
=ACF  \\$aPrevious copyright fee: GBP23.57$c32\0$e07-jul-2021$fGBP23.57$g0$hP$5Uk
=CAT  \\$a12654$b40$c20151029$lBLL01$h0925
=CAT  \\$a8124$b40$c20170208$lBLL01$h1440
=CAT  \\$a8871$b40$c20170208$lBLL01$h1614
=CAT  \\$aBATCH-UPD$b40$c20170221$lBLL01$h1736
=CAT  \\$aIPL-CLA$c20170331$lBLL01$h1924
=CAT  \\$aBATCH-UPD$b00$c20170904$lBLL01$h1937
=CAT  \\$aIPL-CLA$c20170929$lBLL01$h1809
=CAT  \\$aBATCH-UPD$b00$c20180223$lBLL01$h1813
=CAT  \\$aIPL-CLA$c20180331$lBLL01$h1714
=CAT  \\$aBATCH-UPD$b00$c20180823$lBLL01$h1953
=CAT  \\$aIPL-CLA$c20180930$lBLL01$h1518
=CAT  \\$a8055$b40$c20181121$lBLL01$h1254
=CAT  \\$aBATCH-UPD$b40$c20190829$lBLL01$h1553
=CAT  \\$aIPL-CLA$c20190930$lBLL01$h1655
=CAT  \\$aBATCH-UPD$b00$c20200219$lBLL01$h1534
=CAT  \\$aIPL-CLA$c20200331$lBLL01$h1633
=CAT  \\$aBATCH-UPD$b00$c20200522$lBLL01$h1518
=CAT  \\$aIPL-CLA$c20200701$lBLL01$h0119
=CAT  \\$aBATCH-UPD$b00$c20210226$lBLL01$h1100
=CAT  \\$aIPL-CLA$c20210331$lBLL01$h1704
=CAT  \\$aBATCH-UPD$b00$c20210707$lBLL01$h1623
=CAT  \\$aIPL-CLA$c20210707$lBLL01$h1845
=CAT  \\$aBATCH-UPD$b00$c20220520$lBLL01$h1704
=CAT  \\$aIPL-CLA$c20220630$lBLL01$h1540
=CAT  \\$aBATCH-UPD$b00$c20220824$lBLL01$h0928
=CAT  \\$aIPL-CLA$c20220930$lBLL01$h1430
=CFI  0\$aCurrent copyright fee: GBP27.50$c32\0$e01-oct-2022$fGBP27.50$g0$hP$5Uk
=CFI  2\$aPrevious copyright fee: GBP26.40$c32\0$e01-jul-2022$fGBP26.40$g0$hP$5Uk
=EST  \\$a1
=FFP  \\$aY$bBLDSS-3PM
=FIN  \\$aY$d20170208
=FMT  \\$a  SE
=LAS  \\$aIPL-CLA$b00$c20220930$lBLL01$h1430
=MNI  \\$a2332-7685
=TOC  \\$aETOC
=UNO  \\$aY

