=LDR  04523cas a2200985 i 4500
=001  017595706
=003  Uk
=005  20220930143001.0
=006  m\\\\\\\\d\\\\\\\\
=007  cr\|||||||||||
=008  151029c20159999njuar\p\s\\\\\0\\\a0eng\\
=022  \\$y2329-9231
=040  \\$aUk$beng$cUk$erda
=042  \\$aukblsr
=082  04$a621.3815$223
=245  00$aIEEE journal on exploratory solid-state computational devices and circuits.
=246  3\$aInstitute of Electrical and Electronics Engineers journal on exploratory solid-state computational devices and circuits
=264  \1$a[Piscataway, New jersey?] :$bIEEE Solid-State Circuits Society,$c2015-
=300  \\$billustrations (black and white, and colour)
=310  \\$aAnnual
=336  \\$atext$2rdacontent
=337  \\$acomputer$2rdamedia
=338  \\$aonline resource$2rdacarrier
=362  0\$aVolume 1 (2015)-
=500  \\$aTitle from journal home page (IEEE Xplore, viewed February 8, 2017).
=540  \\$aCurrent copyright fee: GBP27.50$c32\0$5Uk
=588  \\$aLatest issue consulted: Volume 2 (2016) (viewed February 8, 2017).
=650  \0$aSolid state electronics$vPeriodicals.
=650  \0$aIntegrated circuits$vPeriodicals.
=710  2\$aIEEE Solid-State Circuits Society,$eissuing body.
=852  \\$aBritish Library$bDSC$j4362.957000$3Volume 1(2015)-***See ESTAR for full holdings.
=856  40$uhttp://ieeexplore.ieee.org/xpl/mostRecentIssue.jsp?punumber=6570653
=856  40$31850-9999$uhttp://ieeexplore.ieee.org/Xplore/home.jsp$xBLDSS
=945  \\$aIEEE journal on exploratory solid-state computational devices and circuits.
=959  \\$fCurrently received
=985  \\$aISSN still work record on Portal 8/2/17
=ACF  \\$aPrevious copyright fee: GBP20.00$c32\0$e29-oct-2015$fGBP20.00$g0$hP$5Uk
=ACF  \\$aPrevious copyright fee: GBP21.38$c32\0$e01-apr-2016$fGBP21.38$g0$hP$5Uk
=ACF  \\$aPrevious copyright fee: GBP22.96$c32\0$e01-oct-2016$fGBP22.96$g0$hP$5Uk
=ACF  \\$aPrevious copyright fee: GBP24.44$c32\0$e01-jan-2017$fGBP24.44$g0$hP$5Uk
=ACF  \\$aPrevious copyright fee: GBP26.40$c32\0$e01-apr-2017$fGBP26.40$g0$hP$5Uk
=ACF  \\$aPrevious copyright fee: GBP25.38$c32\0$e01-oct-2017$fGBP25.38$g0$hP$5Uk
=ACF  \\$aPrevious copyright fee: GBP23.57$c32\0$e01-apr-2018$fGBP23.57$g0$hP$5Uk
=ACF  \\$aPrevious copyright fee: GBP25.38$c32\0$e01-oct-2018$fGBP25.38$g0$hP$5Uk
=ACF  \\$aPrevious copyright fee: GBP26.40$c32\0$e01-oct-2019$fGBP26.40$g0$hP$5Uk
=ACF  \\$aPrevious copyright fee: GBP25.38$c32\0$e01-apr-2020$fGBP25.38$g0$hP$5Uk
=ACF  \\$aPrevious copyright fee: GBP26.40$c32\0$e01-jul-2020$fGBP26.40$g0$hP$5Uk
=ACF  \\$aPrevious copyright fee: GBP24.44$c32\0$e01-apr-2021$fGBP24.44$g0$hP$5Uk
=ACF  \\$aPrevious copyright fee: GBP23.57$c32\0$e07-jul-2021$fGBP23.57$g0$hP$5Uk
=CAT  \\$a12654$b40$c20151029$lBLL01$h1120
=CAT  \\$aBATCH-UPD$b00$c20161122$lBLL01$h1535
=CAT  \\$aIPL-CLA$c20161231$lBLL01$h0024
=CAT  \\$a8124$b40$c20170208$lBLL01$h1521
=CAT  \\$aBATCH-UPD$b40$c20170221$lBLL01$h1736
=CAT  \\$aIPL-CLA$c20170331$lBLL01$h1924
=CAT  \\$aBATCH-UPD$b00$c20170904$lBLL01$h1937
=CAT  \\$aIPL-CLA$c20170929$lBLL01$h1809
=CAT  \\$aBATCH-UPD$b00$c20180223$lBLL01$h1813
=CAT  \\$aIPL-CLA$c20180331$lBLL01$h1714
=CAT  \\$aBATCH-UPD$b00$c20180823$lBLL01$h1953
=CAT  \\$aIPL-CLA$c20180930$lBLL01$h1518
=CAT  \\$aBATCH-UPD$b00$c20190829$lBLL01$h1553
=CAT  \\$aIPL-CLA$c20190930$lBLL01$h1655
=CAT  \\$aBATCH-UPD$b00$c20200219$lBLL01$h1534
=CAT  \\$aIPL-CLA$c20200331$lBLL01$h1633
=CAT  \\$aBATCH-UPD$b00$c20200522$lBLL01$h1518
=CAT  \\$aIPL-CLA$c20200701$lBLL01$h0119
=CAT  \\$aBATCH-UPD$b00$c20210226$lBLL01$h1100
=CAT  \\$aIPL-CLA$c20210331$lBLL01$h1704
=CAT  \\$aBATCH-UPD$b00$c20210707$lBLL01$h1623
=CAT  \\$aIPL-CLA$c20210707$lBLL01$h1845
=CAT  \\$aBATCH-UPD$b00$c20220520$lBLL01$h1704
=CAT  \\$aIPL-CLA$c20220630$lBLL01$h1540
=CAT  \\$aBATCH-UPD$b00$c20220824$lBLL01$h0928
=CAT  \\$aIPL-CLA$c20220930$lBLL01$h1430
=CFI  0\$aCurrent copyright fee: GBP27.50$c32\0$e01-oct-2022$fGBP27.50$g0$hP$5Uk
=CFI  2\$aPrevious copyright fee: GBP26.40$c32\0$e01-jul-2022$fGBP26.40$g0$hP$5Uk
=EST  \\$a1
=FFP  \\$aY$bBLDSS-3PM
=FIN  \\$aY$d20170208
=FMT  \\$a  SE
=LAS  \\$aIPL-CLA$b00$c20220930$lBLL01$h1430
=MNI  \\$a2329-9231
=TOC  \\$aETOC
=UNO  \\$aY

