=LDR  02583cas a2200601 i 4500
=001  017599261
=003  Uk
=005  20220907211423.0
=006  m\\\\\o\\d\\\\\\\\
=007  cr\|||||||||||
=008  051221c19839999enkmx\p\o\\\\\|\\\a0eng\\
=010  \\$a  2013200975
=015  \\$aGBB5F6068$2bnb
=022  0\$a2329-1869$y0269-0039
=035  \\$a(OCoLC)795981781
=040  \\$aUKBOL$beng$cUKBOL$dOCLCQ$dDLC$dOCLCO$dOCLCQ$dUk$erda
=042  \\$aukblsr
=043  \\$ae-uk---
=082  00$a343.4207862405$223
=222  \0$aConstruction industry law letter$b(Online)
=245  00$aConstruction industry law letter :$bthe bulletin of current law.
=264  \1$aLondon :$bLegal Studies & Services
=264  31$3<May 2013-> :$aLondon, UK :$bInforma Law
=310  \\$aTen issues per year
=336  \\$atext$2rdacontent
=337  \\$acomputer$2rdamedia
=338  \\$aonline resource$2rdacarrier
=362  1\$aPrint began in 1983.
=588  \\$aDescription based on: September 1999 issue; title from PDF caption (constructionindustrylaw.com website, viewed May 24, 2013).
=588  \\$aLatest issue consulted: April 2015.
=650  \0$aConstruction industry$xLaw and legislation$zEngland$vPeriodicals.
=650  \0$aConstruction industry$xLaw and legislation$zWales$vPeriodicals.
=710  2\$aLegal Studies and Services Limited,$eissuing body.
=710  2\$abInforma Law$eissuing body.
=776  08$iPrint version, -2015:$tConstruction industry law letter$x0269-0039
=776  08$iPrint version:$tConstruction industry law letter$x0269-0039
=852  41$aBritish Library$bHMNTS$jELD Digital store$3(2015:Feb.)-(2022:Feb.)
=856  4\$uhttp://www.constructionindustrylaw.com/$zTo subscribe
=859  \\$aELD$bejournal
=985  \\$aUS ISSN number - multinational publisher agreement.
=985  \\$aMoved to subject based self-build PDF a method by which you build your own PDF with subjects that you are interested in- Closed OC, cannot ingest consistent PDFs
=CAT  \\$a3072$b40$c20151102$lBLL01$h1112
=CAT  \\$aBATCH-CLA$b00$c20151127$lBLL01$h1631
=CAT  \\$aWR15058$c20151230$lBLL01$h1442
=CAT  \\$a14633$b40$c20170926$lBLL01$h1119
=CAT  \\$aW1711-1005$c20171206$lBLL01$h1828
=CAT  \\$a8124$b40$c20220907$lBLL01$h2114
=FIN  \\$aY$d20151102
=FMT  \\$a  SE
=LAS  \\$a8124$b40$c20220907$lBLL01$h2114
=LET  \0$aConstruction industry law letter (Electronic)
=LKR  \\$aPAR$b011813116$lBLL01$r776$mConstruction industry law letter (Online)$nConstruction industry law letter (Print)
=SID  \\$aZ39$bOCLC

