=LDR  04168cas a2200973 i 4500
=001  017613283
=003  Uk
=005  20220811114515.0
=006  m\\\\\|\\d\|\\\\\\
=007  cr\|||||||||||
=008  151111c20099999ne\fx\p\o\\\\\0\\\a0eng\\
=015  \\$aGBB5G3547$2bnb
=022  \\$a0974-4061
=037  \\$bPortico$nTaylor & Francis$aISSN_09744053_21
=040  \\$aUk$beng$cUk$erda
=042  \\$aukblsr
=082  04$a960.05$223
=130  0\$aAfrica review (New Delhi, India)
=245  10$aAfrica review :$bjournal of African Studies Association of India.
=260  \\$aNew Delhi :$bMD Publications Pvt. Ltd. on behalf of African Studies Association of India,$c[2009]-
=264  21$a[Abingdon] :$bRoutledge, Taylor & Francis Group
=264  31$aLeiden :$bBrill
=310  \\$aTwo issues yearly
=336  \\$atext$2rdacontent
=337  \\$acomputer$2rdamedia
=338  \\$aonline resource$2rdacarrier
=362  1\$aPrint began with: vol. 1, no. 1 (Jan./June 2009).
=540  \\$aCurrent copyright fee: GBP22.00$c74\0$5Uk
=588  \\$aDescription based on print version record.
=588  \\$aLatest issue consulted: volume 14, issue 1 (March 2022) (Brill website, viewed August 11, 2022).
=651  \0$aAfrica$vPeriodicals.
=651  \0$aAfrica$xHistory$vPeriodicals.
=710  2\$aAfrican Studies Association of India,$eissuing body.
=776  08$iAlso issued in print as:$tAfrica review (New Delhi, India)$x0974-4053
=852  41$aBritish Library$bHMNTS$jELD Digital store$3Volume 8:Issue 1(2016)-Volume 13:Issue 2(2021)***Previous issues available in print copy
=856  \\$31850-9999$uhttp://www.tandfonline.com/$xBLDSS
=856  40$uhttp://www.tandfonline.com/loi/rafr20#.VkNc12cnyig
=856  4\$uhttps://brill.com/$zTo search
=859  \\$aELD$bejournal
=945  \\$aAfrica review -New Delhi-
=979  \\$aBritish Library$bDSC$j0732.186600N
=985  \\$aISSN work level record on ISSN Portal - 222 not added.
=ACF  \\$aPrevious copyright fee: GBP26.00$c2\0$e19-jan-2016$fGBP26.00$g0$hP$5Uk
=ACF  \\$aPrevious copyright fee: GBP28.00$c2\0$e01-jan-2017$fGBP28.00$g0$hP$5Uk
=ACF  \\$aPrevious copyright fee: GBP30.00$c2\0$e01-jan-2018$fGBP30.00$g0$hP$5Uk
=ACF  \\$aPrevious copyright fee: GBP32.00$c2\0$e01-jan-2019$fGBP32.00$g0$hP$5Uk
=ACF  \\$aPrevious copyright fee: GBP34.00$c2\0$e01-jan-2020$fGBP34.00$g0$hP$5Uk
=CAT  \\$a11316$b40$c20151111$lBLL01$h1524
=CAT  \\$a11296$b40$c20151126$lBLL01$h0826
=CAT  \\$aBATCH-CLA$b00$c20151127$lBLL01$h1631
=CAT  \\$aWR15058$c20151230$lBLL01$h1442
=CAT  \\$a5552$b40$c20160119$lBLL01$h0847
=CAT  \\$a8037$b40$c20160120$lBLL01$h1439
=CAT  \\$aBLDSS-3PM$b00$c20160201$lBLL01$h1812
=CAT  \\$aBATCH-UPD$b00$c20160413$lBLL01$h1829
=CAT  \\$aBATCH-UPD$b00$c20160525$lBLL01$h1754
=CAT  \\$a5552$b40$c20161007$lBLL01$h1343
=CAT  \\$aBATCH-UPD$b40$c20161122$lBLL01$h1515
=CAT  \\$aIPL-CLA$c20161231$lBLL01$h0024
=CAT  \\$aBATCH-UPD$b00$c20171121$lBLL01$h1651
=CAT  \\$aW1711-1005$c20171206$lBLL01$h1828
=CAT  \\$aIPL-CLA$c20171231$lBLL01$h1830
=CAT  \\$aBATCH-UPD$b00$c20181217$lBLL01$h1641
=CAT  \\$aIPL-CLA$c20181231$lBLL01$h1555
=CAT  \\$aBATCH-UPD$b00$c20191122$lBLL01$h1903
=CAT  \\$aIPL-CLA$c20191231$lBLL01$h2042
=CAT  \\$aBATCH-UPD$b00$c20201118$lBLL01$h1337
=CAT  \\$aIPL-CLA$c20201231$lBLL01$h1533
=CAT  \\$a12654$b40$c20211026$lBLL01$h1138
=CAT  \\$aIPL-CLA$c20211231$lBLL01$h1547
=CAT  \\$aBATCH-UNOA$c20220104$lBLL01$h2254
=CAT  \\$a8483$b40$c20220811$lBLL01$h1142
=CAT  \\$a8483$b40$c20220811$lBLL01$h1145
=CFI  0\$aCurrent copyright fee: GBP22.00$c74\0$e01-jan-2022$fGBP22.00$g0$hP$5Uk
=CFI  2\$aPrevious copyright fee: GBP35.00$c2\0$e01-jan-2021$fGBP35.00$g0$hP$5Uk
=FFP  \\$aY$bBLDSS-3PM
=FIN  \\$aY$d20151111
=FMT  \\$a  SE
=LAS  \\$a8483$b40$c20220811$lBLL01$h1145
=LET  \0$aAfrica review (Electronic)
=LKR  \\$aPAR$b016450459$lBLL01$nAfrica review (Print)$mAfrica review (Online)$r776
=MNI  \\$a0974-4053
=TOC  \\$aETOC
=UNO  \\$aY

