=LDR  02652 as a2200589 i 4500
=001  017617473
=003  Uk
=005  20200817152024.0
=006  m\\\\\|\\d\|\\\\\\
=007  cr\|||||||||||
=008  151117d19942019enkmr\p\oa\\\\0\\\a0eng\\
=022  0\$y1350-9837
=040  \\$aUk$beng$cUk$dUk$erda
=042  \\$aukblsr
=082  04$a633.2$223
=245  00$aGrasslands and forage abstracts.
=264  \1$a[Wallingford] :$bCAB International,$c[1994]-2019.
=310  \\$aMonthly
=336  \\$atext$2rdacontent
=337  \\$acomputer$2rdamedia
=338  \\$aonline resource$2rdacarrier
=362  1\$aPrint began with: vol. 64, no. 1 (Jan. 1994) ; ceased with volume 89, number 12 (2019).
=530  \\$aAlso issued as a fully searchable abstracts database derived from CAB abstracts.
=588  \\$aDescription based on print version record.
=588  \\$aLatest issue consulted: volume 86, number 1 (2016).
=650  \0$aForage plants$vAbstracts$vPeriodicals.
=650  \0$aGrasses$vAbstracts$vPeriodicals.
=710  2\$aC.A.B. International,$eissuing body.
=780  00$tHerbage abstracts
=787  1\$tCAB abstracts
=852  41$aBritish Library$bHMNTS$jELD Digital store$3Volume 86:Number 1(2016)-Volume 89:Number 12(2019)
=856  4\$uhttp://www.cabi.org/publishing-products/online-information-resources/grasslands-and-forage-abstracts/$zTo subscribe for online access
=859  \\$aELD$bejournal
=985  \\$aThis record is based on a PDF version of the printed title. Probably not generally available in this format. The publisher's online product is in the form of a database see: http://www.cabi.org/publishing-products/online-information-resources/cab-abstracts-subset-archives/. ISSN not assigned for this PDF version.
=CAT  \\$a11316$b40$c20151117$lBLL01$h0925
=CAT  \\$a11316$b40$c20151117$lBLL01$h0948
=CAT  \\$a11316$b40$c20151123$lBLL01$h1140
=CAT  \\$a11316$b40$c20151123$lBLL01$h1147
=CAT  \\$a11316$b40$c20151123$lBLL01$h1149
=CAT  \\$a11316$b40$c20151123$lBLL01$h1331
=CAT  \\$a11316$b40$c20151124$lBLL01$h1206
=CAT  \\$aBATCH-CLA$b00$c20151127$lBLL01$h1631
=CAT  \\$aWR15058$c20151230$lBLL01$h1442
=CAT  \\$aWR16_048$c20160322$lBLL01$h1614
=CAT  \\$a8483$b40$c20160330$lBLL01$h1150
=CAT  \\$aW1711-1005$c20171205$lBLL01$h2213
=CAT  \\$a8124$b40$c20200817$lBLL01$h1520
=FIN  \\$aY$d20151117
=FMT  \\$a  SE
=LAS  \\$a8124$b40$c20200817$lBLL01$h1520
=LET  \0$aGrasslands and forage abstracts (Electronic)
=LKR  \\$aPAR$b008418525$lBLL01$nGrasslands and forage abstracts (Print)$mGrasslands and forage abstracts (Online)

