=LDR  03490cas a2200841 i 4500
=001  017620025
=003  Uk
=005  20221231145347.0
=006  m\\\\\|\\d\|\\\\\\
=007  cr\|||||||||||
=008  151118c20159999enkqr\p\o\\\\\0\\\a0eng\\
=015  \\$aGBB666010$2bnb
=022  \\$a2374-0698
=037  \\$aISSN_2374068X_21$bPortico$nTaylor & Francis
=040  \\$aUk$beng$cUk$erda
=042  \\$aukblsr
=082  04$a620.1105$223
=245  00$aAdvances in materials and processing technologies.
=264  \1$a[Abingdon, Oxfordshire?] :$bTaylor & Francis,$c2015-
=310  \\$aFour times a year
=336  \\$atext$2rdacontent
=337  \\$acomputer$2rdamedia
=338  \\$aonline resource$2rdacarrier
=362  0\$aVolume 1, issue 1/2 (2015)-
=500  \\$aTitle from journal homepage (Taylor & Francis Online, viewed May 12, 2016).
=540  \\$aCurrent copyright fee: GBP43.00$c2\0$5Uk
=650  \0$aMaterials$vPeriodicals.
=650  \0$aManufacturing processes$vPeriodicals.
=852  41$aBritish Library$bSTI$jELD Digital store$3Volume 2:Issue 1(2016)-***Previous issues available in print copy
=856  40$31850-9999$uhttp://www.tandfonline.com/$xBLDSS
=856  40$uhttp://www.tandfonline.com/toc/tmpt20/current
=859  \\$aELD$bejournal
=945  \\$aAdvances in materials and processing technologies.
=979  \\$aBritish Library$bDSC$j0709.348000N
=985  \\$aU.S. ISSN record not completed @12/05/16 - please add 222 when confirmed.
=ACF  \\$aPrevious copyright fee: GBP31.00$c2\0$e01-apr-2016$fGBP31.00$g0$hP$5Uk
=ACF  \\$aPrevious copyright fee: GBP33.00$c2\0$e01-jan-2017$fGBP33.00$g0$hP$5Uk
=ACF  \\$aPrevious copyright fee: GBP35.00$c2\0$e01-jan-2018$fGBP35.00$g0$hP$5Uk
=ACF  \\$aPrevious copyright fee: GBP37.00$c2\0$e01-jan-2019$fGBP37.00$g0$hP$5Uk
=ACF  \\$aPrevious copyright fee: GBP39.00$c2\0$e01-jan-2020$fGBP39.00$g0$hP$5Uk
=CAT  \\$a11296$b40$c20151118$lBLL01$h1207
=CAT  \\$aBATCH-CLA$b00$c20151127$lBLL01$h1631
=CAT  \\$aWR15058$c20151230$lBLL01$h1442
=CAT  \\$a8037$b40$c20160120$lBLL01$h1428
=CAT  \\$a5552$b40$c20160229$lBLL01$h1354
=CAT  \\$aIPL-CLA$c20160331$lBLL01$h1821
=CAT  \\$aBLDSS-3PM$b00$c20160404$lBLL01$h1601
=CAT  \\$aBATCH-UPD$b00$c20160413$lBLL01$h1829
=CAT  \\$a10806$b40$c20160512$lBLL01$h1150
=CAT  \\$a10806$b40$c20160512$lBLL01$h1151
=CAT  \\$aBATCH-UPD$b40$c20160805$lBLL01$h1531
=CAT  \\$a5552$b40$c20161005$lBLL01$h1407
=CAT  \\$aBATCH-UPD$b40$c20161122$lBLL01$h1506
=CAT  \\$aIPL-CLA$c20161231$lBLL01$h0024
=CAT  \\$aBATCH-UPD$b00$c20171121$lBLL01$h1656
=CAT  \\$aW1711-1005$c20171206$lBLL01$h1828
=CAT  \\$aIPL-CLA$c20171231$lBLL01$h1830
=CAT  \\$aBATCH-UPD$b00$c20181217$lBLL01$h1646
=CAT  \\$aIPL-CLA$c20181231$lBLL01$h1555
=CAT  \\$aBATCH-UPD$b00$c20191122$lBLL01$h1908
=CAT  \\$aIPL-CLA$c20191231$lBLL01$h2042
=CAT  \\$aBATCH-UPD$b00$c20201118$lBLL01$h1342
=CAT  \\$aIPL-CLA$c20201231$lBLL01$h1533
=CAT  \\$aBATCH-UPD$b00$c20221121$lBLL01$h1341
=CAT  \\$aIPL-CLA$c20221231$lBLL01$h1453
=CFI  0\$aCurrent copyright fee: GBP43.00$c2\0$e01-jan-2023$fGBP43.00$g0$hP$5Uk
=CFI  2\$aPrevious copyright fee: GBP41.00$c2\0$e01-jan-2021$fGBP41.00$g0$hP$5Uk
=FFP  \\$aY$bBLDSS-3PM
=FIN  \\$aY$d20160512
=FMT  \\$a  SE
=LAS  \\$aIPL-CLA$b00$c20221231$lBLL01$h1453
=MNI  \\$a2374-068X
=TOC  \\$aETOC

