=LDR  02208cas a2200505 i 4500
=001  017624427
=003  Uk
=005  20151124120952.0
=006  m\\\\\|\\d\|\\\\\\
=007  cr\|||||||||||
=008  151123c19759999enkmr|p\oa\\\\0\\\a0eng\\
=022  0\$y0306-1582
=040  \\$aUk$beng$cUk$erda
=042  \\$aukblsr
=082  04$a636.5$223
=245  00$aPoultry abstracts.
=260  \\$aSlough :$bCommonwealth Agricultural Bureaux,$c[1975]-
=264  31$a[Wallingford] :$bCAB International
=310  \\$aMonthly
=336  \\$atext$2rdacontent
=337  \\$acomputer$2rdamedia
=338  \\$aonline resource$2rdacarrier
=362  1\$aPrint began with: Vol.1, no.1 (Jan. 1975).
=530  \\$aAlso issued as a fully searchable abstracts database developed from CAB abstracts.
=588  \\$aDescription based on print version record.
=588  \\$aLatest issue consulted: volume 42, number 1 (2016).
=650  \0$aPoultry$xAbstracts$vPeriodicals.
=710  2\$aCommonwealth Agricultural Bureaux,$eissuing body.
=710  2\$aC.A.B. International,$eissuing body.
=787  1\$tCAB abstracts
=852  41$aBritish Library$bHMNTS$jELD Digital store$3Volume 42:Number 1(2016)-
=856  4\$uhttp://www.cabi.org/publishing-products/online-information-resources/poultry-abstracts$zTo subscribe for online access
=859  \\$aELD$bejournal
=985  \\$aThis record is based on a PDF version of the printed title. Probably not generally available in this format. The publisher's online product is in the form of a database see: http://www.cabi.org/publishing-products/online-information-resources/cab-abstracts-subset-archives/ . ISSN not assigned for this PDF version.
=CAT  \\$a11316$b40$c20151123$lBLL01$h1214
=CAT  \\$a11316$b40$c20151123$lBLL01$h1330
=CAT  \\$a11316$b40$c20151124$lBLL01$h1209
=CAT  \\$aBATCH-CLA$b00$c20151127$lBLL01$h1631
=CAT  \\$aWR15058$c20151230$lBLL01$h1442
=CAT  \\$aW1711-1005$c20171205$lBLL01$h2213
=FIN  \\$aY$d20151123
=FMT  \\$a  SE
=LAS  \\$aW1711-1005$b00$c20171205$lBLL01$h2213
=LET  \0$aPoultry abstracts (Electronic)
=LKR  \\$aPAR$b007008736$lBLL01$nPoultry abstracts (Print)$mPoultry abstracts (Online)

