=LDR  02541 as a2200553 i 4500
=001  017624467
=003  Uk
=005  20200817152210.0
=006  m\\\\\|\\d\|\\\\\\
=007  cr\|||||||||||
=008  151123d19772019enkmr\p\oa\\\\0\\\a0eng\\
=022  0\$y0309-1287
=040  \\$aUk$beng$cUk$dUk$erda
=042  \\$aukblsr
=082  04$a571.99411$223
=245  00$aProtozoological abstracts.
=264  \1$aSlough :$bCommonwealth Agricultural Bureaux,$c[1977]-2019.
=264  31$a[Wallingford] :$bCAB International
=310  \\$aMonthly
=336  \\$atext$2rdacontent
=337  \\$acomputer$2rdamedia
=338  \\$aonline resource$2rdacarrier
=362  1\$aPrint began with: vol.1, no.1 (Jan. 1977) ; ceased with volume 43, number 12 (2019).
=530  \\$aAlso issued as a fully searchable abstracts database selected from CAB abstracts.
=588  \\$aDescription based on print version record.
=588  \\$aLatest issue consulted: volume 40, number 1 (2016).
=650  \0$aProtozoa, Pathogenic$vAbstracts$vPeriodicals.
=650  \0$aProtozoan diseases$vAbstracts$vPeriodicals.
=710  2\$aCommonwealth Agricultural Bureaux,$eissuing body.
=710  2\$aC.A.B. International,$eissuing body.
=787  1\$tCAB abstracts
=852  41$aBritish Library$bHMNTS$jELD Digital store$3Volume 40:Number 1(2016)-Volume 43:Number 12(2019)
=856  4\$uhttp://www.cabi.org/publishing-products/online-information-resources/protozoological-abstracts/$zTo subscribe for online access
=859  \\$aELD$bejournal
=985  \\$aThis record is based on a PDF version of the printed title. Probably not generally available in this format. The publisher's online product is in the form of a database see: http://www.cabi.org/publishing-products/online-information-resources/cab-abstracts-subset-archives/ . ISSN not assigned for this PDF version.
=CAT  \\$a11316$b40$c20151123$lBLL01$h1325
=CAT  \\$a11316$b40$c20151123$lBLL01$h1326
=CAT  \\$a11316$b40$c20151123$lBLL01$h1330
=CAT  \\$a11316$b40$c20151123$lBLL01$h1340
=CAT  \\$a11316$b40$c20151124$lBLL01$h1210
=CAT  \\$aBATCH-CLA$b00$c20151127$lBLL01$h1631
=CAT  \\$aWR15058$c20151230$lBLL01$h1442
=CAT  \\$aW1711-1005$c20171205$lBLL01$h2213
=CAT  \\$a8124$b40$c20200817$lBLL01$h1522
=FIN  \\$aY$d20151123
=FMT  \\$a  SE
=LAS  \\$a8124$b40$c20200817$lBLL01$h1522
=LET  \0$aProtozoological abstracts (Electronic)
=LKR  \\$aPAR$b010534972$lBLL01$nProtozoological abstracts (Print)$mProtozoological abstracts (Online)

