=LDR  02387cas a2200541 i 4500
=001  017624502
=003  Uk
=005  20151124121010.0
=006  m\\\\\|\\d\|\\\\\\
=007  cr\|||||||||||
=008  151123c19709999enkmr|p\oa\\\\0\\\a0eng\\
=022  0\$y0034-6438
=040  \\$aUk$beng$cUk$erda
=042  \\$aukblsr
=082  04$a632.3$223
=245  00$aReview of plant pathology.
=246  13$aRoPP
=260  \\$a[Farnham Royal] :$bCommonwealth Agricultural Bureaux,$c[1970]-
=264  31$a[Wallingford] :$bCAB International
=310  \\$aMonthly
=336  \\$atext$2rdacontent
=337  \\$acomputer$2rdamedia
=338  \\$aonline resource$2rdacarrier
=362  1\$aPrint began with: vol. 49, no. 1 (January 1970).
=530  \\$aAlso issued as a fully searchable abstracts database derived from CAB abstracts.
=550  \\$aPublished for the Commonwealth Mycological Institute.
=588  \\$aDescription based on print version record.
=588  \\$aLatest issue consulted: volume 95, number 1 (2016).
=650  \0$aPlant diseases$vAbstracts$vPeriodicals.
=710  2\$aCommonwealth Mycological Institute (Great Britain)
=710  2\$aC.A.B. International.
=780  00$tReview of applied mycology
=787  1\$tCAB abstracts
=852  41$aBritish Library$bHMNTS$jELD Digital store$3Volume 95:Number 1(2016)-
=856  4\$uhttp://www.cabi.org/publishing-products/online-information-resources/review-of-plant-pathology/$zTo subscribe for online access
=859  \\$aELD$bejournal
=985  \\$aThis record is based on a PDF version of the printed title. Probably not generally available in this format. The publisher's online product is in the form of a database see: http://www.cabi.org/publishing-products/online-information-resources/cab-abstracts-subset-archives/. ISSN not assigned for this PDF version.
=CAT  \\$a11316$b40$c20151123$lBLL01$h1409
=CAT  \\$a11316$b40$c20151124$lBLL01$h1210
=CAT  \\$aBATCH-CLA$b00$c20151127$lBLL01$h1631
=CAT  \\$aWR15058$c20151230$lBLL01$h1442
=CAT  \\$aWR16_048$c20160322$lBLL01$h1614
=CAT  \\$aW1711-1005$c20171205$lBLL01$h2213
=FIN  \\$aY$d20151123
=FMT  \\$a  SE
=LAS  \\$aW1711-1005$b00$c20171205$lBLL01$h2213
=LET  \0$aReview of plant pathology (Electronic)
=LKR  \\$aPAR$b010319770$lBLL01$nReview of plant pathology (Print)$mReview of plant pathology (Online)

