=LDR  03972cas a2200925 i 4500
=001  017624946
=003  Uk
=005  20221231145348.0
=006  m\\\\\|\\d\|\\\\\\
=007  cr\|||||||||||
=008  151124c20139999enktr\p\o\\\\\0\\\a0eng\\
=015  \\$aGBB5G8102$2bnb
=022  \\$a2169-3307
=037  \\$aISSN_21693293_21$bPortico$nTaylor & Francis
=040  \\$aUk$beng$cUk$erda
=042  \\$aukblsr
=082  04$a303.4$223
=130  0\$aResilience (Abingdon, England)
=245  10$aResilience :$binternational policies, practices and discourses.
=264  \1$aAbingdon :$bRoutledge, Taylor & Francis Group,$c2013-
=310  \\$aThree times a year
=336  \\$atext$2rdacontent
=337  \\$acomputer$2rdamedia
=338  \\$aonline resource$2rdacarrier
=362  0\$aVolume 1, issue 1 (2013)-
=500  \\$aTitle from PDF article (Taylor & Francis Online, viewed November 24, 2015).
=540  \\$aCurrent copyright fee: GBP37.00$c2\0$5Uk
=588  \\$aLatest issue consulted: volume 3, issue 3 (2015) (viewed November 24, 2015).
=650  \0$aOrganizational resilience$vPeriodicals.
=650  \0$aEmergency management$vPeriodicals.
=650  \0$aResilience (Personality trait)$xSocial aspects$vPeriodicals.
=650  \0$aResilience (Ecology)$vPeriodicals.
=690  7\$aSocial Welfare$2blcoll
=776  08$iAlso issued in print as:$tResilience (Abingdon, England)$x2169-3293
=852  41$aBritish Library$bHMNTS$jELD Digital store$3Volume 4:Issue 1(2016)-Volume 7:Issue 3(2019)***Previous issues available in print copy
=856  \\$31850-9999$uhttp://www.tandfonline.com/$xBLDSS
=856  40$uhttp://www.tandfonline.com/toc/resi20/current
=859  \\$aELD$bejournal
=945  \\$aResilience -Abingdon-.
=979  \\$aBritish Library$bDSC$j7777.253200N
=985  \\$aISSN Portal record is Work level status 222 not included - 24/11/15
=ACF  \\$aPrevious copyright fee: GBP26.00$c2\0$e19-jan-2016$fGBP26.00$g0$hP$5Uk
=ACF  \\$aPrevious copyright fee: GBP28.00$c2\0$e01-jan-2017$fGBP28.00$g0$hP$5Uk
=ACF  \\$aPrevious copyright fee: GBP30.00$c2\0$e01-jan-2018$fGBP30.00$g0$hP$5Uk
=ACF  \\$aPrevious copyright fee: GBP32.00$c2\0$e01-jan-2019$fGBP32.00$g0$hP$5Uk
=ACF  \\$aPrevious copyright fee: GBP34.00$c2\0$e01-jan-2020$fGBP34.00$g0$hP$5Uk
=CAT  \\$a11316$b40$c20151124$lBLL01$h1134
=CAT  \\$aBATCH-CLA$b00$c20151127$lBLL01$h1631
=CAT  \\$a10983$b40$c20151219$lBLL01$h0938
=CAT  \\$aWR15058$c20151230$lBLL01$h1442
=CAT  \\$aBATCH-SWP$c20160101$lBLL01$h2227
=CAT  \\$a5552$b40$c20160119$lBLL01$h0839
=CAT  \\$a14448$b40$c20160201$lBLL01$h0747
=CAT  \\$aBLDSS-3PM$b00$c20160201$lBLL01$h1812
=CAT  \\$aBATCH-UPD$b00$c20160413$lBLL01$h1829
=CAT  \\$aBATCH-UPD$b00$c20160526$lBLL01$h0558
=CAT  \\$aBATCH-UPD$b00$c20161122$lBLL01$h1515
=CAT  \\$aIPL-CLA$c20161231$lBLL01$h0024
=CAT  \\$a5552$b40$c20170223$lBLL01$h1141
=CAT  \\$aBATCH-UPD$b40$c20171121$lBLL01$h1651
=CAT  \\$aW1711-1005$c20171206$lBLL01$h1828
=CAT  \\$aIPL-CLA$c20171231$lBLL01$h1830
=CAT  \\$aBATCH-UPD$b00$c20181217$lBLL01$h1641
=CAT  \\$aIPL-CLA$c20181231$lBLL01$h1555
=CAT  \\$aBATCH-UPD$b00$c20191122$lBLL01$h1903
=CAT  \\$aIPL-CLA$c20191231$lBLL01$h2042
=CAT  \\$aBATCH-UPD$b00$c20201118$lBLL01$h1337
=CAT  \\$aIPL-CLA$c20201231$lBLL01$h1533
=CAT  \\$aBATCH-UPD$b00$c20221121$lBLL01$h1350
=CAT  \\$aIPL-CLA$c20221231$lBLL01$h1453
=CFI  0\$aCurrent copyright fee: GBP37.00$c2\0$e01-jan-2023$fGBP37.00$g0$hP$5Uk
=CFI  2\$aPrevious copyright fee: GBP35.00$c2\0$e01-jan-2021$fGBP35.00$g0$hP$5Uk
=FFP  \\$aY$bBLDSS-3PM
=FIN  \\$aY$d20151124
=FMT  \\$a  SE
=LAS  \\$aIPL-CLA$b00$c20221231$lBLL01$h1453
=LET  \0$aResilience (Electronic)
=LKR  \\$aPAR$b016429311$lBLL01$nResilience (Print)$mResilience (Online)$r776
=MNI  \\$a2169-3293
=TOC  \\$aETOC

