=LDR  02533cas a2200565 i 4500
=001  017624999
=003  Uk
=005  20160112144713.0
=006  m\\\\\|\\d\|\\\\\\
=007  cr\|||||||||||
=008  151124c19909999enkmr|p\oa\\\\0\\\a0eng\\
=022  0\$y0957-6789
=040  \\$aUk$beng$cUk$erda
=042  \\$aukblsr
=082  04$a592.3$223
=130  0\$aHelminthological abstracts (1990)
=245  10$aHelminthological abstracts.
=260  \\$aWallingford :$bCAB International Information Services,$c[1990]-
=264  31$a[Wallingford] :$bCAB International
=310  \\$aMonthly
=336  \\$atext$2rdacontent
=337  \\$acomputer$2rdamedia
=338  \\$aonline resource$2rdacarrier
=362  1\$aPrint began with: vol. 59, no. 1 (Jan. 1990).
=500  \\$aContents derived from both the CAB Abstracts and Global Health databases.
=530  \\$aAlso issued as a fully searchable abstracts database.
=588  \\$aDescription based on print version record.
=588  \\$aLatest issue consulted: volume 85, number 1 (2016).
=650  \0$aHelminthiasis$vAbstracts$vPeriodicals.
=650  \0$aHelminths$vAbstracts$vPeriodicals.
=710  2\$aC.A.B. International,$eissuing body.
=780  00$tHelminthological abstracts. Series A. Animal and human helminthology
=787  1\$tCAB abstracts
=787  1\$tGlobal health
=852  41$aBritish Library$bHMNTS$jELD Digital store$3Volume 85:Number 1(2016)-
=856  4\$uhttp://www.cabi.org/publishing-products/online-information-resources/helminthological-abstracts/$zTo subscribe for online access
=859  \\$aELD$bejournal
=985  \\$aThis record is based on a PDF version of the printed title. Probably not generally available in this format. The publisher's online product is in the form of a database see: http://www.cabi.org/publishing-products/online-information-resources/cab-abstracts-subset-archives/ . ISSN not assigned for this PDF version.
=CAT  \\$a11316$b40$c20151124$lBLL01$h1229
=CAT  \\$a11316$b40$c20151124$lBLL01$h1230
=CAT  \\$aBATCH-CLA$b00$c20151127$lBLL01$h1631
=CAT  \\$a11316$b40$c20151221$lBLL01$h1156
=CAT  \\$aWR15058$c20151230$lBLL01$h1442
=CAT  \\$a11316$b40$c20160112$lBLL01$h1447
=CAT  \\$aW1711-1005$c20171205$lBLL01$h2213
=FIN  \\$aY$d20151124
=FMT  \\$a  SE
=LAS  \\$aW1711-1005$b00$c20171205$lBLL01$h2213
=LET  \0$aHelminthological abstracts (Electronic)
=LKR  \\$aPAR$b010816601$lBLL01$nHelminthological abstracts (Print)$mHelminthological abstracts (Online)

