=LDR  02746cas a2200565 i 4500
=001  017625046
=003  Uk
=005  20151124134547.0
=006  m\\\\\|\\d\|\\\\\\
=007  cr\|||||||||||
=008  151124c19339999enkmr|p\o\a\\\0\\\a0eng\\
=022  0\$y0003-3499
=040  \\$aUk$beng$cUk$erda
=042  \\$aukblsr
=082  04$a636.082$223
=245  00$aAnimal breeding abstracts.
=260  \\$aFarnham Royal :$bCommonwealth Agricultural Bureaux,$c1933-
=264  31$a[Wallingford] :$bCAB International
=310  \\$aMonthly
=336  \\$atext$2rdacontent
=337  \\$acomputer$2rdamedia
=338  \\$aonline resource$2rdacarrier
=362  1\$aPrint began with: v. 1 (Apr. 1933).
=500  \\$aPublished for the Imperial Bureau of Animal Genetics, later the Imperial Bureau of Animal Breeding and Genetics; since 1948 the Commonwealth Bureau of Animal Breeding and Genetics.
=530  \\$aAlso issued as a fully searchable abstracts database derived from CAB abstracts.
=588  \\$aDescription based on print version record.
=588  \\$aLatest issue consulted: volume 84, number 1 (2016).
=650  \0$aLivestock$xBreeding$vAbstracts$vPeriodicals.
=650  \0$aLivestock$vPeriodicals.
=710  2\$aImperial Bureau of Animal Genetics.
=710  2\$aImperial Bureau of Animal Breeding and Genetics.
=710  2\$aCommonwealth Bureau of Animal Breeding and Genetics.
=710  2\$aC.A.B. International.
=780  14$tQuarterly bulletin - Imperial Bureau of Animal Genetics
=780  14$tReferences to literature contained in periodicals received by the Imperial Bureau of Animal Genetics
=787  1\$tCAB abstracts
=852  41$aBritish Library$bHMNTS$jELD Digital store$3Volume 84:Number 1(2016)-
=856  4\$uhttp://www.cabi.org/publishing-products/online-information-resources/animal-breeding-abstracts/#$zTo subscribe for online access
=859  \\$aELD$bejournal
=985  \\$aThis record is based on a PDF version of the printed title. Probably not generally available in this format. The publisher's online product is in the form of a database see: http://www.cabi.org/publishing-products/online-information-resources/cab-abstracts-subset-archives/ . ISSN not assigned for this PDF version.
=CAT  \\$a11316$b40$c20151124$lBLL01$h1345
=CAT  \\$aBATCH-CLA$b00$c20151127$lBLL01$h1631
=CAT  \\$aWR15058$c20151230$lBLL01$h1442
=CAT  \\$aWR16_048$c20160322$lBLL01$h1614
=CAT  \\$aW1711-1005$c20171205$lBLL01$h2213
=FIN  \\$aY$d20151124
=FMT  \\$a  SE
=LAS  \\$aW1711-1005$b00$c20171205$lBLL01$h2213
=LET  \0$aAnimal breeding abstracts (Electronic)
=LKR  \\$aPAR$b008896771$lBLL01$nAnimal breeding abstracts (Print)$mAnimal breeding abstracts (Online)$r776

