=LDR  02754cas a2200577 i 4500
=001  017625245
=003  Uk
=005  20151124143649.0
=006  m\\\\\|\\d\|\\\\\\
=007  cr\|||||||||||
=008  151124c19569999enkmr|p\oa\\\\0\\\a0eng\\
=022  0\$y0043-1729
=040  \\$aUk$beng$cUk$erda
=042  \\$aukblsr
=082  04$a632.5$223
=245  00$aWeed abstracts.
=260  \\$a[Farnham Royal, Eng., etc.] :$b[Commonwealth Agricultural Bureaux, etc.]
=264  31$a[Wallingford] :$bCAB International
=310  \\$aMonthly
=336  \\$atext$2rdacontent
=337  \\$acomputer$2rdamedia
=338  \\$aonline resource$2rdacarrier
=362  1\$aPrint began in 1952.
=530  \\$aAlso issued as a fully searchable abstracts database derived from CAB abstracts.
=550  \\$aVols. for <1960>-1961 prepared by the Information Section of the Agricultural Research Council; <1964>- by the Weed Research Organization of the Agricultural Research Council.
=550  \\$aIssues for -Oct./Nov. 1961 distributed by the British Weed Control Council; Dec. 1961-<Jan. 1964> published by Commonwealth Agricultural Bureaux.
=588  \\$aDescription based on print version record.
=588  \\$aLatest issue consulted: volume 65, number 1 (2016).
=650  \0$aWeeds$xControl$vAbstracts$vPeriodicals.
=650  \0$aWeeds$vAbstracts$vPeriodicals.
=710  2\$aWeed Research Organization.
=710  2\$aBritish Weed Control Council.
=710  2\$aCommonwealth Agricultural Bureaux.
=710  2\$aC.A.B. International.
=780  00$tWeekly references - Unit of Experimental Agronomy. Agricultural Research Council
=787  1\$tCAB abstracts
=852  41$aBritish Library$bHMNTS$jELD Digital store$3Volume 65:Number 1(2016)-
=856  4\$uhttp://www.cabi.org/publishing-products/online-information-resources/weed-abstracts/$zTo subscribe for online access
=859  \\$aELD$bejournal
=985  \\$aThis record is based on a PDF version of the printed title. Probably not generally available in this format. The publisher's online product is in the form of a database see: http://www.cabi.org/publishing-products/online-information-resources/cab-abstracts-subset-archives/ . ISSN not assigned for this PDF version.
=CAT  \\$a11316$b40$c20151124$lBLL01$h1426
=CAT  \\$a11316$b40$c20151124$lBLL01$h1428
=CAT  \\$a11316$b40$c20151124$lBLL01$h1436
=CAT  \\$aBATCH-CLA$b00$c20151127$lBLL01$h1631
=CAT  \\$aWR15058$c20151230$lBLL01$h1442
=CAT  \\$aW1711-1005$c20171206$lBLL01$h1828
=FIN  \\$aY$d20151124
=FMT  \\$a  SE
=LAS  \\$aW1711-1005$b00$c20171206$lBLL01$h1828
=LET  \0$aWeed abstracts (Electronic)
=LKR  \\$aPAR$b009543839$lBLL01$nWeed abstracts (Print)$mWeed abstracts (Online)

