=LDR  02363cas a2200517 i 4500
=001  017625280
=003  Uk
=005  20151124145808.0
=006  m\\\\\|\\d\|\\\\\\
=007  cr\|||||||||||
=008  151124c19909999enkmr|p\oa\\\\0\\\a0eng\\
=022  0\$y0957-6762
=040  \\$aUk$beng$cUk$erda
=042  \\$aukblsr
=082  04$a632.7$223
=245  00$aReview of agricultural entomology.
=264  \1$a[Wallingford] :$bCAB International,$c[1990]-
=310  \\$aMonthly
=336  \\$atext$2rdacontent
=337  \\$acomputer$2rdamedia
=338  \\$aonline resource$2rdacarrier
=362  1\$aPrint began with: Vol. 78, no. 1 (Jan. 1990).
=530  \\$aAlso issued as a fully searchable abstracts database derived from CAB abstracts.
=588  \\$aDescription based on print version record.
=588  \\$aLatest issue consulted: volume 104, number 1 (2016).
=650  \0$aInsect pests$vAbstracts$vPeriodicals.
=650  \0$aAgricultural pests$vAbstracts$vPeriodicals.
=650  \0$aEntomology$vAbstracts$vPeriodicals.
=710  2\$aC.A.B. International.
=710  2\$aCAB International.$bBureau of Crop Protection.
=710  2\$aCAB International.$bInstitute of Entomology.
=780  00$tReview of applied entomology. Series A. Agricultural
=787  1\$tCAB abstracts
=852  41$aBritish Library$bHMNTS$jELD Digital store$3Volume 104:Number 1(2016)-
=856  4\$uhttp://www.cabi.org/publishing-products/online-information-resources/review-of-agricultural-entomology/$zTo subscribe for online access
=859  \\$aELD$bejournal
=985  \\$aThis record is based on a PDF version of the printed title. Probably not generally available in this format. The publisher's online product is in the form of a database see: http://www.cabi.org/publishing-products/online-information-resources/cab-abstracts-subset-archives/ . ISSN not assigned for this PDF version.
=CAT  \\$a11316$b40$c20151124$lBLL01$h1458
=CAT  \\$aBATCH-CLA$b00$c20151127$lBLL01$h1631
=CAT  \\$aWR15058$c20151230$lBLL01$h1442
=CAT  \\$aW1711-1005$c20171205$lBLL01$h2213
=FIN  \\$aY$d20151124
=FMT  \\$a  SE
=LAS  \\$aW1711-1005$b00$c20171205$lBLL01$h2213
=LET  \0$aReview of agricultural entomology (Electronic)
=LKR  \\$aPAR$b007739971$lBLL01$nReview of agricultural entomology (Print)$mReview of agricultural entomology (Online)

