=LDR  04070cas a2200973 a 4500
=001  017658564
=003  Uk
=005  20221231145353.0
=006  m\\\\\o\\d\\\\\\\\
=007  cr\|||||||||||
=008  090420c20009999enktr\p\o\\\\\0\\\a0eng\\
=010  \\$a  2011200062
=015  \\$aGBB5H8657$2bnb
=022  0\$a2159-9149$y1600-910X$21
=035  \\$a(OCoLC)427836362
=037  \\$aISSN_1600910X$bPortico$nTaylor & Francis
=040  \\$aCaQMM$beng$cCaQMM$dCRpS$dOCoLC$dDLC$dOCoLC$dUk
=042  \\$aukblsr
=050  14$aHN1$b.D48
=082  04$a300$223
=130  0\$aDistinktion (Online)
=245  10$aDistinktion$h[electronic resource] :$bScandinavian journal of social theory.
=246  30$aScandinavian journal of social theory
=260  \\$aAarhus :$bDistinktion,$c2000-
=260  3\$32011-$aAbingdon, Oxon UK :$bRoutledge, Taylor & Francis
=310  \\$aThree times a year,$b2011-
=321  \\$aSemiannual,$b2000-2010
=336  \\$atext$2rdacontent
=337  \\$acomputer$2rdamedia
=338  \\$aonline resource$2rdacarrier
=362  1\$aPrint began in 2000.
=540  \\$aCurrent copyright fee: GBP37.00$c2\0$5Uk
=588  \\$aDescription based on: Vol. 1, issue 1 (2000); title from cover image (informaworld.com website, viewed Mar. 31, 2011).
=588  \\$aLatest issue consulted: volume 16, issue 3 (2015) (Taylor & Francis Online, viewed December 10, 2015).
=650  \0$aSocial sciences$vPeriodicals.
=650  \0$aSocial sciences$xPhilosophy$vPeriodicals.
=650  \0$aSocial history$vPeriodicals.
=776  08$iAlso issued in print as:$tDistinktion$x1600-910X
=852  41$aBritish Library$bHMNTS$jELD Digital store$3Volume 17:Issue 1(2016)-
=856  \\$31850-9999$uhttp://www.tandfonline.com/$xBLDSS
=856  40$uhttp://www.informaworld.com/smpp/title~db=all~content=t930212257
=856  40$uhttp://www.tandf.co.uk/journals/RDIS
=856  40$uhttp://www.tandfonline.com/toc/rdis20/current
=859  \\$aELD$bejournal
=945  \\$aDistinktion.
=979  \\$aBritish Library$bDSC$j3602.660410
=985  \\$aWork record only on ISSN Portal.
=ACF  \\$aPrevious copyright fee: GBP26.00$c2\0$e18-jan-2016$fGBP26.00$g0$hP$5Uk
=ACF  \\$aPrevious copyright fee: GBP28.00$c2\0$e01-jan-2017$fGBP28.00$g0$hP$5Uk
=ACF  \\$aPrevious copyright fee: GBP30.00$c2\0$e01-jan-2018$fGBP30.00$g0$hP$5Uk
=ACF  \\$aPrevious copyright fee: GBP32.00$c2\0$e01-jan-2019$fGBP32.00$g0$hP$5Uk
=ACF  \\$aPrevious copyright fee: GBP34.00$c2\0$e01-jan-2020$fGBP34.00$g0$hP$5Uk
=CAT  \\$a11205$b40$c20151210$lBLL01$h0932
=CAT  \\$a8464$b40$c20160104$lBLL01$h1424
=CAT  \\$a5552$b40$c20160118$lBLL01$h1129
=CAT  \\$aBLDSS-3PM$b00$c20160201$lBLL01$h1812
=CAT  \\$a8464$b40$c20160203$lBLL01$h1333
=CAT  \\$aBATCH-UPD$b40$c20160413$lBLL01$h1829
=CAT  \\$aBATCH-UPD$b40$c20160620$lBLL01$h0230
=CAT  \\$aBATCH-UPD$b40$c20161122$lBLL01$h1515
=CAT  \\$aIPL-CLA$c20161231$lBLL01$h0024
=CAT  \\$a5552$b40$c20170130$lBLL01$h1527
=CAT  \\$aBATCH-UPD$b40$c20171121$lBLL01$h1651
=CAT  \\$aW1711-1005$c20171206$lBLL01$h1828
=CAT  \\$aIPL-CLA$c20171231$lBLL01$h1830
=CAT  \\$aBATCH-UPD$b00$c20181217$lBLL01$h1641
=CAT  \\$aIPL-CLA$c20181231$lBLL01$h1555
=CAT  \\$aBATCH-UPD$b00$c20191122$lBLL01$h1903
=CAT  \\$aIPL-CLA$c20191231$lBLL01$h2042
=CAT  \\$aBATCH-UPD$b00$c20201118$lBLL01$h1337
=CAT  \\$aIPL-CLA$c20201231$lBLL01$h1533
=CAT  \\$aBATCH-UPD$b00$c20221121$lBLL01$h1350
=CAT  \\$aIPL-CLA$c20221231$lBLL01$h1453
=CFI  0\$aCurrent copyright fee: GBP37.00$c2\0$e01-jan-2023$fGBP37.00$g0$hP$5Uk
=CFI  2\$aPrevious copyright fee: GBP35.00$c2\0$e01-jan-2021$fGBP35.00$g0$hP$5Uk
=FFP  \\$aY$bBLDSS-3PM
=FIN  \\$aY$d20151210
=FMT  \\$a  SE
=LAS  \\$aIPL-CLA$b00$c20221231$lBLL01$h1453
=LET  \0$aDistinktion (Electronic)
=LKR  \\$aPAR$b007171676$lBLL01$nDistinktion (Print)$mDistinktion (Online)$r776
=MNI  \\$a1600-910X
=SRC  \\$aBLL02
=TOC  \\$aETOC

