=LDR  05662cas a2201165 i 4500
=001  017664445
=003  Uk
=005  20221231145354.0
=006  m\\\\\o\\d\\\\\\\\
=007  cr\|||||||||||
=008  140828c19739999enkqr\poo\\\\\0\\\a0eng\\
=010  \\$a  2014202724
=015  \\$aGBB5H9166$2bnb
=022  0\$a2374-5355$l0306-0497
=035  \\$a(OCoLC)889425518
=037  \\$aISSN_03060497_21$bPortico$nTaylor & Francis
=040  \\$aDLC$beng$cDLC$dOCLCO$dTXA$dOCLCF$dUk$erda$epn
=042  \\$aukblsr
=050  00$aBF637.H85$bS45
=082  04$a150.198605$223
=130  0\$aSelf and society (London, England)
=245  10$aSelf and society :$ban international journal for humanistic psychology.
=246  1\$aInternational journal for humanistic psychology
=246  1\$iMinor title change:$aSelf & society
=246  13$aJournal of humanistic psychology
=246  13$aEuropean journal of humanistic psychology
=246  13$aForum for contemporary psychology
=264  \1$31979- :$a[London] :$b[British Association of Humanistic Psychology]
=264  31$32015- :$a[Abingdon, UK] :$bTaylor & Francis
=310  \\$aQuarterly,$bSummer 2009-
=321  \\$aMonthly,$bMarch 1973-June 1980
=321  \\$aBimonthly,$bJuly/August 1980-January/February 2009
=336  \\$atext$2rdacontent
=337  \\$acomputer$2rdamedia
=338  \\$aonline resource$2rdacarrier
=362  1\$aPrint began with: Vol. 1, no. 1 (Mar. 1973).
=500  \\$a"A channel for the Human Potential Movement including studies in humanist psychology, social psychology and group dynamics"--Page 4 of cover, 1973-1979.
=515  \\$aSome numbers issued in combined form.
=515  \\$aChronological designation dropped after issue for July/August 1989; resumed with issue for September/October 1990; vol. numbering dropped after <vol. 20, no. 3 (May/June 1992)>.
=540  \\$aCurrent copyright fee: GBP37.00$c2\0$5Uk
=550  \\$aOrgan of: British Association of Humanistic Psychology.
=550  \\$aOrgan of: European Association for Humanistic Psychology, July 1979-June 1980, 1982-Sept./Oct. 1984; British Association for Humanistic Psychology, Sept./Oct. 1980-1981; Association for Humanistic Psychology in Britain; Nov./Dec. 1984-
=588  \\$aDescription based on: Volume 24, no. 6 (January 1997); title from issue table of contents (Taylor & Francis, viewed October 14, 2015).
=588  \\$aLatest issue consulted: Vol. 43, no. 2 (2015) (Taylor & Francis, viewed Decemeber 14, 2015).
=650  \0$aHuman potential movement$vPeriodicals.
=650  \0$aHumanistic psychology$vPeriodicals.
=650  \0$aSelf-realization (Psychology)$vPeriodicals.
=650  \7$aHuman potential movement.$2fast$0(OCoLC)fst01198500
=650  \7$aHumanistic psychology.$2fast$0(OCoLC)fst00963537
=655  \7$aPeriodicals.$2fast$0(OCoLC)fst01411641
=710  2\$aEuropean Association for Humanistic Psychology,$eissuing body.
=710  2\$aBritish Association of Humanistic Psychology,$eissuing body.
=710  2\$aAssociation for Humanistic Psychology in Britain,$eissuing body.
=776  08$iPrint version:$tSelf and society (London, England)$x0306-0497
=852  41$aBritish Library$bHMNTS$jELD Digital store$3Volume 44:Number 1(2016)-Volume 45:Number 3/4(2017)
=856  \\$31850-9999$uhttp://www.tandfonline.com/$xBLDSS
=856  40$uhttp://www.tandfonline.com/rsel
=859  \\$aELD$bejournal
=945  \\$aSelf and society.
=979  \\$aBritish Library$bDSC$j8235.350000
=985  \\$aISSN Portal Work level record -222 not added 14/12/2015.
=ACF  \\$aPrevious copyright fee: GBP26.00$c2\0$e14-mar-2016$fGBP26.00$g0$hP$5Uk
=ACF  \\$aPrevious copyright fee: GBP28.00$c2\0$e01-jan-2017$fGBP28.00$g0$hP$5Uk
=ACF  \\$aPrevious copyright fee: GBP30.00$c2\0$e01-jan-2018$fGBP30.00$g0$hP$5Uk
=ACF  \\$aPrevious copyright fee: GBP32.00$c2\0$e01-jan-2019$fGBP32.00$g0$hP$5Uk
=ACF  \\$aPrevious copyright fee: GBP34.00$c2\0$e01-jan-2020$fGBP34.00$g0$hP$5Uk
=CAT  \\$a11316$b40$c20151214$lBLL01$h1210
=CAT  \\$a11316$b40$c20151214$lBLL01$h1211
=CAT  \\$a14412$b40$c20151216$lBLL01$h1436
=CAT  \\$a14448$b40$c20160130$lBLL01$h1127
=CAT  \\$a5552$b40$c20160314$lBLL01$h1103
=CAT  \\$aBLDSS-3PM$b00$c20160322$lBLL01$h1621
=CAT  \\$aBATCH-UPD$b00$c20160413$lBLL01$h1829
=CAT  \\$aBATCH-UPD$b00$c20160620$lBLL01$h0230
=CAT  \\$a10806$b40$c20160623$lBLL01$h1134
=CAT  \\$aBATCH-UPD$b40$c20161122$lBLL01$h1515
=CAT  \\$aIPL-CLA$c20161231$lBLL01$h0024
=CAT  \\$a5552$b40$c20170222$lBLL01$h1338
=CAT  \\$aBATCH-UPD$b40$c20171121$lBLL01$h1651
=CAT  \\$aW1711-1005$c20171206$lBLL01$h1829
=CAT  \\$aIPL-CLA$c20171231$lBLL01$h1830
=CAT  \\$aBATCH-UPD$b00$c20181217$lBLL01$h1641
=CAT  \\$aIPL-CLA$c20181231$lBLL01$h1555
=CAT  \\$aBATCH-UPD$b00$c20191122$lBLL01$h1903
=CAT  \\$aIPL-CLA$c20191231$lBLL01$h2042
=CAT  \\$aBATCH-UPD$b00$c20201118$lBLL01$h1337
=CAT  \\$aIPL-CLA$c20201231$lBLL01$h1533
=CAT  \\$aBATCH-UPD$b00$c20221121$lBLL01$h1350
=CAT  \\$aIPL-CLA$c20221231$lBLL01$h1453
=CFI  0\$aCurrent copyright fee: GBP37.00$c2\0$e01-jan-2023$fGBP37.00$g0$hP$5Uk
=CFI  2\$aPrevious copyright fee: GBP35.00$c2\0$e01-jan-2021$fGBP35.00$g0$hP$5Uk
=FFP  \\$aY$bBLDSS-3PM
=FIN  \\$aY$d20151214
=FMT  \\$a  SE
=LAS  \\$aIPL-CLA$b00$c20221231$lBLL01$h1453
=LET  \0$aSelf and society (Electronic)
=LKR  \\$aPAR$b010187854$lBLL01$nSelf and society (Print)$mSelf and society (Online)$r776
=MNI  \\$a0306-0497
=SID  \\$aZ39$bOCLC
=TOC  \\$aETOC

