=LDR  02183 as a2200553 i 4500
=001  017671450
=003  Uk
=005  20200804194054.0
=007  ta
=008  151217c20159999flutr\p\\\\\\\0\\\a0eng\\
=022  0\$a2475-5737$y08876-57010
=040  \\$aUk$beng$cUk$erda
=042  \\$aukblsr
=082  04$a372.405$223
=222  \0$aLiteracy practice & research
=245  00$aLiteracy practice & research.
=246  3\$aLiteracy practice and research
=246  10$aLPR
=264  \1$aTampa, FL :$bOrganization of Teacher Educators in Literacy Incorporated,$c2015-
=300  \\$billustrations (black and white) ;$c28 cm
=310  \\$aThree times a year
=336  \\$atext$2rdacontent
=337  \\$aunmediated$2rdamedia
=338  \\$avolume$2rdacarrier
=362  0\$aVolume 41, number 1 (fall 2015)-
=540  \\$aBritish Library not licensed to copy$c0$5Uk
=650  \0$aReading$xStudy and teaching$zUnited States$vPeriodicals.
=650  \0$aLiteracy$zUnited States$vPeriodicals.
=710  2\$aOrganization of Teacher Educators in Literacy,$eissuing body.
=780  00$tJournal of reading education$x0886-5701
=852  41$aBritish Library$bDSC$j5276.631140$3Vol. 41, No. 1 (2015)-v. 44, no. 2 (2020)
=945  \\$aLiteracy practice and research
=959  \\$fHeld but not currently received
=985  \\$aISSN request submitted to U.S. Center (Richard, 21/12/16). UPDATE - Waiting for ISSN 2475-5737 to appear in Portal (17/1/17)
=CAT  \\$a8124$b40$c20151217$lBLL01$h1504
=CAT  \\$a8871$b40$c20151217$lBLL01$h1712
=CAT  \\$a8335$b40$c20151221$lBLL01$h1209
=CAT  \\$a8335$b40$c20151221$lBLL01$h1210
=CAT  \\$a5410$b40$c20151222$lBLL01$h1037
=CAT  \\$a10806$b40$c20161221$lBLL01$h1115
=CAT  \\$a10806$b40$c20170117$lBLL01$h1445
=CAT  \\$a10806$b40$c20170123$lBLL01$h0929
=CAT  \\$a8335$b40$c20200804$lBLL01$h1940
=CFI  0\$aBritish Library not licensed to copy$c0$e21-dec-2015$hC$iCFP Excluded$5Uk
=FIN  \\$aY$d20151217
=FMT  \\$a  SE
=LAS  \\$a8335$b40$c20200804$lBLL01$h1940
=LKR  \\$aPAR$b010491874$lBLL01$r78000$mLiteracy practice & research.$nJournal of reading education.
=TOC  \\$aETOC

