=LDR  04058cas a2200937 i 4500
=001  017672528
=003  Uk
=005  20221231145356.0
=006  m\\\\\|\\d\|\\\\\\
=007  cr\|||||||||||
=008  151219c20169999enkfr\p\o\\\\\0\\\a0eng\\
=015  \\$aGBB640242$2bnb
=022  0\$a2376-0826
=037  \\$aISSN_23760818_21$bPortico$nTaylor & Francis
=040  \\$aUk$beng$cUk$erda
=042  \\$aukblsr
=082  04$a330.9561$223
=245  00$aResearch and policy on Turkey.
=264  \1$a[Abingdon, Oxfordshire] :$bRoutledge, Taylor & Francis Group,$c2016-
=310  \\$aSemiannual
=336  \\$atext$2rdacontent
=337  \\$acomputer$2rdamedia
=338  \\$aonline resource$2rdacarrier
=362  0\$aVolume 1, issue 1 (2016)-
=500  \\$aTitle from journal information page (Taylor & Francis Online, viewed March 21, 2016).
=540  \\$aCurrent copyright fee: GBP37.00$c2\0$5Uk
=550  \\$a"Published in association with the Centre for Policy and Research on Turkey (Research Turkey)."
=651  \0$aTurkey$xEconomic conditions$vPeriodicals.
=651  \0$aTurkey$xEconomic policy$vPeriodicals.
=651  \0$aTurkey$xPolitics and government$vPeriodicals.
=651  \0$aTurkey$xSocial conditions$vPeriodicals.
=690  7\$aManagement and Business Studies$2blcoll
=710  2\$aResearch Turkey (Think tank)
=776  08$iAlso issued in print as:$tResearch and policy on Turkey$x2376-0818
=852  41$aBritish Library$bHMNTS$jELD Digital store$3Volume 1:Issue 1(2016)-Volume 3:Issue 2(2018)
=856  \\$31850-9999$uhttp://www.tandfonline.com/$xBLDSS
=856  40$uhttp://www.tandfonline.com/toc/rrpt20/current
=859  \\$aELD$bejournal
=945  \\$aResearch and policy on Turkey.
=979  \\$aBritish Library$bDSC$j7715.692200N
=985  \\$aWork record only on ISSN Portal. Please add key title when validated.
=ACF  \\$aPrevious copyright fee: GBP26.00$c2\0$e14-mar-2016$fGBP26.00$g0$hP$5Uk
=ACF  \\$aPrevious copyright fee: GBP28.00$c2\0$e01-jan-2017$fGBP28.00$g0$hP$5Uk
=ACF  \\$aPrevious copyright fee: GBP30.00$c2\0$e01-jan-2018$fGBP30.00$g0$hP$5Uk
=ACF  \\$aPrevious copyright fee: GBP32.00$c2\0$e01-jan-2019$fGBP32.00$g0$hP$5Uk
=ACF  \\$aPrevious copyright fee: GBP34.00$c2\0$e01-jan-2020$fGBP34.00$g0$hP$5Uk
=CAT  \\$a11433$b40$c20151219$lBLL01$h0912
=CAT  \\$a14448$b40$c20160201$lBLL01$h0756
=CAT  \\$a5552$b40$c20160314$lBLL01$h1037
=CAT  \\$a11205$b40$c20160321$lBLL01$h1140
=CAT  \\$a11205$b40$c20160321$lBLL01$h1141
=CAT  \\$a11205$b40$c20160321$lBLL01$h1145
=CAT  \\$a8871$b40$c20160322$lBLL01$h1250
=CAT  \\$aBLDSS-3PM$b00$c20160322$lBLL01$h1621
=CAT  \\$aBATCH-MBS$c20160401$lBLL01$h2110
=CAT  \\$aBATCH-UPD$b00$c20160413$lBLL01$h1829
=CAT  \\$aBATCH-UPD$b00$c20160531$lBLL01$h1044
=CAT  \\$aBATCH-UPD$b00$c20161122$lBLL01$h1515
=CAT  \\$aIPL-CLA$c20161231$lBLL01$h0024
=CAT  \\$a5552$b40$c20170223$lBLL01$h1325
=CAT  \\$aBATCH-UPD$b40$c20171121$lBLL01$h1651
=CAT  \\$aW1711-1005$c20171206$lBLL01$h1829
=CAT  \\$aIPL-CLA$c20171231$lBLL01$h1831
=CAT  \\$aBATCH-UPD$b00$c20181217$lBLL01$h1641
=CAT  \\$aIPL-CLA$c20181231$lBLL01$h1555
=CAT  \\$aBATCH-UPD$b00$c20191122$lBLL01$h1903
=CAT  \\$aIPL-CLA$c20191231$lBLL01$h2042
=CAT  \\$aBATCH-UPD$b00$c20201118$lBLL01$h1337
=CAT  \\$aIPL-CLA$c20201231$lBLL01$h1533
=CAT  \\$aBATCH-UPD$b00$c20221121$lBLL01$h1350
=CAT  \\$aIPL-CLA$c20221231$lBLL01$h1453
=CFI  0\$aCurrent copyright fee: GBP37.00$c2\0$e01-jan-2023$fGBP37.00$g0$hP$5Uk
=CFI  2\$aPrevious copyright fee: GBP35.00$c2\0$e01-jan-2021$fGBP35.00$g0$hP$5Uk
=FFP  \\$aY$bBLDSS-3PM
=FIN  \\$aY$d20160321
=FMT  \\$a  SE
=LAS  \\$aIPL-CLA$b00$c20221231$lBLL01$h1453
=LET  \0$aResearch and policy on Turkey (Electronic)
=LKR  \\$aPAR$b017776213$lBLL01$nResearch and policy on Turkey (Print)$mResearch and policy on Turkey (Online)$r776
=MNI  \\$a2376-0818
=TOC  \\$aETOC

