=LDR  02192 as a2200493 i 4500
=001  017673777
=003  Uk
=005  20200817152345.0
=006  m\\\\\|\\d\|\\\\\\
=007  cr\|||||||||||
=008  151221d19482019enkmr\p\oa\\\\0\\\a0eng\\
=022  0\$y0015-069X
=040  \\$aUk$beng$cUk$dUk$erda
=042  \\$aukblsr
=082  04$a633$223
=245  00$aField crop abstracts.
=264  \1$aFarnham Royal :$bCommonwealth Agricultural Bureaux,$c[1948]-2019.
=264  31$a[Wallingford] :$bCAB International
=310  \\$aMonthly
=321  \\$aQuarterly
=336  \\$atext$2rdacontent
=337  \\$acomputer$2rdamedia
=338  \\$aonline resource$2rdacarrier
=362  1\$aPrint began in 1948 ; ceased with volume 72, number 12 (2019).
=530  \\$aAlso issued as a fully searchable abstracts database derived from CAB abstracts.
=588  \\$aDescription based on print version record.
=588  \\$aLatest issue consulted: volume 69, number 1 (2016).
=650  \0$aField crops$vPeriodicals.
=710  2\$aCommonwealth Bureau of Pastures and Field Crops.
=710  2\$aC.A.B. International,$eissuing body.
=787  1\$tCAB abstracts
=852  41$aBritish Library$bHMNTS$jELD Digital store$3Volume 69:Number 1(2016)-Volume 72:Number 12(2019)
=856  4\$uhttp://www.cabi.org/publishing-products/online-information-resources/field-crop-abstracts/$zTo subscribe for online access
=859  \\$aELD$bejournal
=985  \\$aThis record is based on a PDF version of the printed title. Probably not generally available in this format. The publisher's online product is in the form of a database see: http://www.cabi.org/publishing-products/online-information-resources/cab-abstracts-subset-archives/ . ISSN not assigned for this PDF version.
=CAT  \\$a11316$b40$c20151221$lBLL01$h0953
=CAT  \\$a11316$b40$c20151221$lBLL01$h1109
=CAT  \\$aW1711-1005$c20171206$lBLL01$h1829
=CAT  \\$a8124$b40$c20200817$lBLL01$h1523
=FIN  \\$aY$d20151221
=FMT  \\$a  SE
=LAS  \\$a8124$b40$c20200817$lBLL01$h1523
=LET  \0$aField crop abstracts (Electronic)
=LKR  \\$aPAR$b008896820$lBLL01$nField crop abstracts (Print)$mField crop abstracts (Online)

