=LDR  02669cas a2200541 i 4500
=001  017673826
=003  Uk
=005  20151221115628.0
=006  m\\\\\|\\d\|\\\\\\
=007  cr\|||||||||||
=008  151221c19779999enkmr|p\oa\\\\0\\\a0eng\\
=022  0\$y0309-1295
=040  \\$aUk$beng$cUk$erda
=042  \\$aukblsr
=082  04$a613.2$223
=245  00$aNutrition abstracts and reviews.$nSeries A,$pHuman and experimental.
=246  1\$iAlso known as:$aNARA
=246  13$aNutrition abstracts and reviews.$nSeries A
=264  \1$aFarnham Royal :$bCommonwealth Agricultural Bureaux,$c[1977]-
=264  31$a[Wallingford] :$bCAB International
=310  \\$aMonthly
=336  \\$atext$2rdacontent
=337  \\$acomputer$2rdamedia
=338  \\$aonline resource$2rdacarrier
=500  \\$aPrepared by the Commonwealth Bureau of Nutrition.
=530  \\$aAlso issued as a fully searchable abstracts database derived from CAB abstracts.
=588  \\$aDescription based on print version record.
=588  \\$aLatest issue consulted: volume 86, number 1 (2016).
=650  \0$aNutrition$vAbstracts$vPeriodicals.
=650  \0$aDiet therapy$vAbstracts$vPeriodicals.
=710  2\$aCommonwealth Bureau of Nutrition.
=710  2\$aCommonwealth Agricultural Bureaux.
=710  2\$aC.A.B. International,$eissuing body.
=780  01$tNutrition abstracts and reviews
=787  1\$tCAB abstracts
=852  41$aBritish Library$bHMNTS$jELD Digital store$3Volume 86:Number 1(2016)-
=856  4\$uhttp://www.cabi.org/publishing-products/online-information-resources/nutrition-abstracts-and-reviews-series-ahuman-and-experimental/$zTo subscribe for online access
=859  \\$aELD$bejournal
=985  \\$aThis record is based on a PDF version of the printed title. Probably not generally available in this format. The publisher's online product is in the form of a database see: http://www.cabi.org/publishing-products/online-information-resources/cab-abstracts-subset-archives/ . ISSN not assigned for this PDF version.
=985  \\$aPDF copy submitted lacks cover. Titles on issue lack the section title. Section title present on Web page.
=CAT  \\$a11316$b40$c20151221$lBLL01$h1109
=CAT  \\$a11316$b40$c20151221$lBLL01$h1156
=CAT  \\$aW1711-1005$c20171206$lBLL01$h1829
=FIN  \\$aY$d20151221
=FMT  \\$a  SE
=LAS  \\$aW1711-1005$b00$c20171206$lBLL01$h1829
=LET  \0$aNutrition abstracts and reviews. Series A. Human and experimental (Electronic)
=LKR  \\$aPAR$b009559133$lBLL01$nNutrition abstracts and reviews. Series A. Human and experimental (Print)$mNutrition abstracts and reviews. Series A. Human and experimental (Online)

