=LDR  02593cas a2200529 i 4500
=001  017673862
=003  Uk
=005  20160114104922.0
=006  m\\\\\|\\d\|\\\\\\
=007  cr\|||||||||||
=008  151221c19909999enkmr|p\oa\\\\0\\\a0eng\\
=022  0\$y0957-6770
=040  \\$aUk$beng$cUk$erda
=042  \\$aukblsr
=082  04$a595.7$223
=245  00$aReview of medical and veterinary entomology.
=264  \1$a[Wallingford] :$bCAB International,$c[1990]-
=310  \\$aMonthly
=336  \\$atext$2rdacontent
=337  \\$acomputer$2rdamedia
=338  \\$aonline resource$2rdacarrier
=362  1\$aPrint began with: Vol. 78, no. 1 (Jan. 1990).
=500  \\$aProduced by the CAB International Bureau of Animal Health in association with the CAB International Institute of Entomology.
=500  \\$aContents derived from both the CAB Abstracts and Global Health databases.
=530  \\$aAlso issued as a fully searchable abstracts database.
=588  \\$aDescription based on print version record.
=588  \\$aLatest issue consulted: volume 104, number 1 (2016).
=650  \0$aVeterinary entomology$vAbstracts$vPeriodicals.
=650  \0$aInsects as carriers of disease$vAbstracts$vPeriodicals.
=710  2\$aC.A.B. International.$bBureau of Animal Health.
=710  2\$aC.A.B. International.$bInstitute of Entomology.
=710  2\$aC.A.B. International,$eissuing body.
=780  00$tReview of applied entomology. Series B. Medical and veterinary
=787  1\$tCAB abstracts
=787  1\$tGlobal health
=852  41$aBritish Library$bHMNTS$jELD Digital store$3Volume 104:Number 1(2016)-
=856  4\$uhttp://www.cabi.org/publishing-products/online-information-resources/review-of-medical-and-veterinary-entomology/$zTo subscribe for online access
=859  \\$aELD$bejournal
=985  \\$aThis record is based on a PDF version of the printed title. Probably not generally available in this format. The publisher's online product is in the form of a database see: http://www.cabi.org/publishing-products/online-information-resources/cab-abstracts-subset-archives/. ISSN not assigned for this PDF version.
=CAT  \\$a11316$b40$c20151221$lBLL01$h1156
=CAT  \\$a11316$b40$c20160114$lBLL01$h1049
=CAT  \\$aW1711-1005$c20171206$lBLL01$h1829
=FIN  \\$aY$d20151221
=FMT  \\$a  SE
=LAS  \\$aW1711-1005$b00$c20171206$lBLL01$h1829
=LET  \0$aReview of medical and veterinary entomology (Electronic)
=LKR  \\$aPAR$b007739969$lBLL01$nReview of medical and veterinary entomology (Print)$mReview of medical and veterinary entomology (Online)

