=LDR  02550cas a2200541 i 4500
=001  017673880
=003  Uk
=005  20151221122740.0
=006  m\\\\\|\\d\|\\\\\\
=007  cr\|||||||||||
=008  151221c19389999enkmr|p\oa\\\\0\\\a0eng\\
=022  0\$y0038-0792
=040  \\$aUk$beng$cUk$erda
=042  \\$aukblsr
=082  04$a631.4$223
=245  00$aSoils and fertilizers.
=264  \1$aSlough, Bucks :$bCommonwealth Agricultural Bureaux,$c[1938]-
=264  31$a[Wallingford] :$bCAB International
=310  \\$aMonthly
=336  \\$atext$2rdacontent
=337  \\$acomputer$2rdamedia
=338  \\$aonline resource$2rdacarrier
=362  1\$aPrint began in 1938.
=500  \\$aTo 1948 compiled by the Imperial Bureau of Soil Science; from 1949 by the Commonwealth Bureau of Soil Science; later, the Commonwealth Bureau of Soils.
=530  \\$aAlso issued as a fully searchable abstracts database derived from CAB abstracts.
=580  \\$aFrom vol. 45, no. 6, 1982, includes material formerly published in "Fertilizer abstracts".
=588  \\$aDescription based on print version record.
=588  \\$aLatest issue consulted: volume 79, number 1 (2016).
=650  \0$aSoil science$vAbstracts$vPeriodicals.
=650  \0$aFertilizers$vAbstracts$vPeriodicals.
=710  2\$aCommonwealth Bureau of Soils.
=710  2\$aImperial Bureau of Soil Science.
=710  2\$aCommonwealth Bureau of Soil Science.
=710  2\$aC.A.B. International,$eissuing body.
=787  1\$tFertilizer abstracts
=787  1\$tCAB abstracts
=852  41$aBritish Library$bHMNTS$jELD Digital store$3Volume 79:Number 1(2016)-Volume 83:Number 12(2020)
=856  4\$uhttp://www.cabi.org/publishing-products/online-information-resources/soils-and-fertilizers-abstracts/$zTo subscribe for online access
=859  \\$aELD$bejournal
=985  \\$aThis record is based on a PDF version of the printed title. Probably not generally available in this format. The publisher's online product is in the form of a database see: http://www.cabi.org/publishing-products/online-information-resources/cab-abstracts-subset-archives/ . ISSN not assigned for this PDF version.
=CAT  \\$a11316$b40$c20151221$lBLL01$h1226
=CAT  \\$a11316$b40$c20151221$lBLL01$h1227
=CAT  \\$aW1711-1005$c20171206$lBLL01$h1829
=FIN  \\$aY$d20151221
=FMT  \\$a  SE
=LAS  \\$aW1711-1005$b00$c20171206$lBLL01$h1829
=LET  \0$aSoils and fertilizers (Electronic)
=LKR  \\$aPAR$b009543691$lBLL01$nSoils and fertilizers (Print)$mSoils and fertilizers (Online)

