=LDR  02270cas a2200493 i 4500
=001  017673955
=003  Uk
=005  20151221135057.0
=006  m\\\\\|\\d\|\\\\\\
=007  cr\|||||||||||
=008  151221c19759999enkqr|p\oa\\\\0\\\a0eng\\
=022  0\$y0306-7327
=040  \\$aUk$beng$cUk$erda
=042  \\$aukblsr
=082  04$a333.913$223
=245  00$aIrrigation and drainage abstracts.
=264  \1$aSlough :$bCommonwealth Agricultural Bureaux,$c[1975]-
=264  31$a[Wallingford] :$bCAB International
=310  \\$aQuarterly
=336  \\$atext$2rdacontent
=337  \\$acomputer$2rdamedia
=338  \\$aonline resource$2rdacarrier
=362  1\$aPrint began with: Vol. 1, no. 1 (May 1975).
=530  \\$aAlso issued as a fully searchable abstracts database derived from CAB abstracts.
=588  \\$aDescription based on print version record.
=588  \\$aLatest issue consulted: volume 42, number 1 (2016).
=650  \0$aWater-supply$xManagement$vAbstracts$vPeriodicals.
=650  \0$aIrrigation$vAbstracts$vPeriodicals.
=650  \0$aDrainage$vAbstracts$vPeriodicals.
=710  2\$aCommonwealth Agricultural Bureaux.
=710  2\$aC.A.B. International,$eissuing body.
=787  1\$tCAB abstracts
=852  41$aBritish Library$bHMNTS$jELD Digital store$3Volume 42:Number 1(2016)-Volume 47:Number 6(2021)
=856  4\$uhttp://www.cabi.org/publishing-products/online-information-resources/irrigation-and-drainage-abstracts/$zTo subscribe for online access
=859  \\$aELD$bejournal
=985  \\$aThis record is based on a PDF version of the printed title. Probably not generally available in this format. The publisher's online product is in the form of a database see: http://www.cabi.org/publishing-products/online-information-resources/cab-abstracts-subset-archives/ . ISSN not assigned for this PDF version.
=CAT  \\$a11316$b40$c20151221$lBLL01$h1350
=CAT  \\$aWR16_048$c20160322$lBLL01$h1614
=CAT  \\$aW1711-1005$c20171206$lBLL01$h1829
=FIN  \\$aY$d20151221
=FMT  \\$a  SE
=LAS  \\$aW1711-1005$b00$c20171206$lBLL01$h1829
=LET  \0$aIrrigation and drainage abstracts (Electronic)
=LKR  \\$aPAR$b007008798$lBLL01$nIrrigation and drainage abstracts (Print)$mIrrigation and drainage abstracts (Online)

