=LDR  02524cas a2200541 i 4500
=001  017674011
=003  Uk
=005  20151221144807.0
=006  m\\\\\|\\d\|\\\\\\
=007  cr\|||||||||||
=008  151221c19319999enkmr|p\oa\\\\0\\\a0eng\\
=022  0\$y0042-4854
=040  \\$aUk$beng$cUk$erda
=042  \\$aukblsr
=082  04$a636.08905$223
=245  04$aThe veterinary bulletin.
=264  \1$aWeybridge :$bCommonwealth Agricultural Bureaux,$c[1931]-
=264  31$a[Wallingford] :$bCAB International
=310  \\$aMonthly
=336  \\$atext$2rdacontent
=337  \\$acomputer$2rdamedia
=338  \\$aonline resource$2rdacarrier
=362  1\$aPrint began with: v. 1 (Apr. 1931).
=505  0\$aConsists mainly of abstracts.
=530  \\$aAlso issued as online version, the Veterinary science database.
=550  \\$aVols. for 1931-47 published by the Imperial Bureau of Animal Health; 1948-51 by the Commonwealth Bureau of Animal Health; Jan. 1952-<June 1977> by the Commonwealth Agricultural Bureaux.
=588  \\$aDescription based on print version record.
=588  \\$aLatest issue consulted: volume 86, number 1 (2016).
=650  \0$aVeterinary medicine$vAbstracts$vPeriodicals.
=650  \0$aVeterinary medicine$vPeriodicals.
=710  2\$aCommonwealth Agricultural Bureaux.
=710  2\$aImperial Bureau of Animal Health.
=710  2\$aCommonwealth Bureau of Animal Health.
=710  2\$aC.A.B. International,$eissuing body.
=780  00$tTropical veterinary bulletin
=780  05$tVeterinary reviews$g1962
=787  1\$tVeterinary science database
=852  41$aBritish Library$bHMNTS$jELD Digital store$3Volume 86:Number 1(2016)-
=856  4\$uhttp://www.cabi.org/publishing-products/online-information-resources/veterinary-bulletin/$zTo subscribe for online access
=859  \\$aELD$bejournal
=985  \\$aThis record is based on a PDF version of the printed title. Probably not generally available in this format. The publisher's online product is in the form of a database with a different title: http://www.cabi.org/publishing-products/online-information-resources/cab-abstracts-subset-archives/ . ISSN not assigned for this PDF version.
=CAT  \\$a11316$b40$c20151221$lBLL01$h1448
=CAT  \\$aW1711-1005$c20171206$lBLL01$h1829
=FIN  \\$aY$d20151221
=FMT  \\$a  SE
=LAS  \\$aW1711-1005$b00$c20171206$lBLL01$h1829
=LET  \0$aVeterinary Bulletin (Electronic)
=LKR  \\$aPAR$b011771377$lBLL01$nVeterinary Bulletin (Print)$mVeterinary Bulletin (Online)

