=LDR  02469cas a2200505 i 4500
=001  017682902
=003  Uk
=005  20151229102034.0
=006  m\\\\\|\\d\|\\\\\\
=007  cr\|||||||||||
=008  151229c193u9999enkmr|p\oa\\\\0\\\a0eng\\
=022  0\$y0032-0803
=040  \\$aUk$beng$cUk$erda
=042  \\$aukblsr
=082  04$a631.5205$223
=245  00$aPlant breeding abstracts.
=260  \\$aFarnham Royal :$bCommonwealth Agricultural Bureaux,$c[1931]-
=264  31$a[Wallingford] :$bCAB International
=310  \\$aMonthly
=321  \\$aQuarterly
=336  \\$atext$2rdacontent
=337  \\$acomputer$2rdamedia
=338  \\$aonline resource$2rdacarrier
=500  \\$aTo 1938, prepared by the Imperial Bureau of Plant Genetics for Plants Other Than Herbage; 1938-48 by the Imperial Bureau of Plant Breeding and Genetics; from 1953 by the Commonwealth Bureau of Plant Breeding and Genetics.
=530  \\$aAlso issued as a fully searchable abstracts database derived from CAB abstracts.
=588  \\$aDescription based on print version record.
=588  \\$aLatest issue consulted: volume 86, number 1 (2016).
=650  \0$aPlant breeding$vAbstracts$vPeriodicals.
=710  2\$aCommonwealth Bureau of Plant Breeding and Genetics (Cambridge, England)
=710  2\$aC.A.B. International,$eissuing body.
=776  08$iAlso issued in print as:$tPlant breeding abstracts$x0032-0803
=787  1\$tCAB abstracts
=852  41$aBritish Library$bHMNTS$jELD Digital store$3Volume 86:Number 1(2016)-
=856  4\$uhttp://www.cabi.org/publishing-products/online-information-resources/plant-breeding-abstracts/$zTo subscribe for online access
=859  \\$aELD$bejournal
=985  \\$aThis record is based on a PDF version of the printed title. Probably not generally available in this format. The publisher's online product is in the form of a database see: http://www.cabi.org/publishing-products/online-information-resources/cab-abstracts-subset-archives/ . ISSN not assigned for this PDF version.
=CAT  \\$a11316$b40$c20151229$lBLL01$h0854
=CAT  \\$a11316$b40$c20151229$lBLL01$h0855
=CAT  \\$a11316$b40$c20151229$lBLL01$h1020
=CAT  \\$aW1711-1005$c20171206$lBLL01$h1829
=FIN  \\$aY$d20151229
=FMT  \\$a  SE
=LAS  \\$aW1711-1005$b00$c20171206$lBLL01$h1829
=LET  \0$aPlant breeding abstracts (Electronic)
=LKR  \\$aPAR$b007864187$lBLL01$nPlant breeding abstracts (Print)$mPlant breeding abstracts (Online)$r776

