=LDR  02656cas a2200505 i 4500
=001  017682911
=003  Uk
=005  20221206091840.0
=006  m\\\\\|\\d\|\\\\\\
=007  cr\|||||||||||
=008  151229d20042021enkmr\p\oa\\\\0\\\a0eng\\
=022  0\$y1747-6151
=040  \\$aUk$beng$cUk$dUk$erda
=042  \\$aukblsr
=082  04$a635.05$223
=245  00$aHorticultural science abstracts :$ba subset of CAB abstracts.
=260  \\$aWallingford :$bCABI Pub.,$c[2004]-[2021]
=310  \\$aMonthly
=336  \\$atext$2rdacontent
=337  \\$acomputer$2rdamedia
=338  \\$aonline resource$2rdacarrier
=362  1\$aPrint began with: vol. 74 (6) (June 2004).
=362  1\$a-volume 91, number 12 (2021).
=530  \\$aAlso issued as a fully searchable abstracts database derived from CAB abstracts.
=588  \\$aDescription based on print version record.
=588  \\$aLatest issue consulted: volume 86, number 1 (2016).
=650  \0$aHorticulture$vAbstracts$vPeriodicals.
=710  2\$aC.A.B. International,$eissuing body.
=776  08$iAlso issued in print as:$tHorticultural science abstracts$x1747-6151
=780  00$tHorticultural abstracts
=787  1\$tCAB abstracts
=852  41$aBritish Library$bHMNTS$jELD Digital store$3Volume 86:Number 1(2016)-Volume 91:Number 12(2021)
=856  4\$uhttp://www.cabi.org/publishing-products/online-information-resources/horticultural-science-abstracts/$zTo subscribe for online access
=859  \\$aELD$bejournal
=985  \\$aThis record is based on a PDF version of the printed title. Probably not generally available in this format. The publisher's online product is in the form of a database see: http://www.cabi.org/publishing-products/online-information-resources/cab-abstracts-subset-archives/ . ISSN not assigned for this PDF version; 25/8/22 response from claim letter: "we have stopped printing this title" - though website suggests it's still available in print - maybe out- of-date info; https://www.cabi.org/publishing-products/horticultural-science-abstracts/; database available on different platforms - we have currently have access via "CAB abstracts".
=CAT  \\$a11316$b40$c20151229$lBLL01$h0919
=CAT  \\$a11316$b40$c20151229$lBLL01$h0952
=CAT  \\$a11316$b40$c20151229$lBLL01$h1020
=CAT  \\$aW1711-1005$c20171206$lBLL01$h1829
=CAT  \\$a3072$b40$c20221206$lBLL01$h0918
=FIN  \\$aY$d20151229
=FMT  \\$a  SE
=LAS  \\$a3072$b40$c20221206$lBLL01$h0918
=LET  \0$aHorticultural science abstracts (Electronic)
=LKR  \\$aPAR$b012962286$lBLL01$nHorticultural science abstracts (Print)$mHorticultural science abstracts (Online)$r776

