=LDR  02828cas a2200589 i 4500
=001  017682957
=003  Uk
=005  20181107121420.0
=006  m\\\\\|\\d\|\\\\\\
=007  cr\|||||||||||
=008  151229c19399999enkmr|p\oa\\\\0\\\a0eng\\
=022  0\$y0011-5681
=040  \\$aUk$beng$cUk$erda
=042  \\$aukblsr
=082  04$a637.05$223
=245  00$aDairy science abstracts.
=260  \\$aSlough :$bCommonwealth Agricultural Bureaux,$c1939-
=264  31$a[Wallingford] :$bCAB International
=310  \\$aMonthly,$b1952-
=321  \\$aQuarterly,$b-1951
=336  \\$atext$2rdacontent
=337  \\$acomputer$2rdamedia
=338  \\$aonline resource$2rdacarrier
=362  1\$aPrint began with: volume 1 (May 1939).
=530  \\$aAlso issued as a fully searchable abstracts database derived from CAB abstracts.
=550  \\$aIssued by the bureau under its earlier names: 1939-Nov. 1947, Imperial Bureau of Dairy Science; 1948-Apr. 1956, Commonwealth Bureau of Dairy Science.
=550  \\$aPublished jointly with the Commonwealth Agricultural Bureaux, 1952-
=588  \\$aDescription based on print version record.
=588  \\$aLatest issue consulted: volume 78, number 1 (2016).
=650  \0$aDairying$vAbstracts$vPeriodicals.
=650  \0$aDairy products$xAnalysis and examination$vPeriodicals.
=710  2\$aImperial Bureau of Dairy Science.
=710  2\$aCommonwealth Bureau of Dairy Science.
=710  2\$aCommonwealth Bureau of Dairy Science and Technology (Shinfield, England)
=710  2\$aC.A.B. International.$bBureau of Dairy Science and Technology.
=710  2\$aCommonwealth Agricultural Bureaux.
=710  2\$aC.A.B. International,$eissuing body.
=776  08$iAlso issued in print as:$tDairy science abstracts$x0011-5681
=787  1\$tCAB abstracts
=852  41$aBritish Library$bHMNTS$jELD Digital store$3Volume 78:Number 1(2016)-
=856  4\$uhttp://www.cabi.org/publishing-products/online-information-resources/dairy-science-abstracts/$zTo subscribe for online access
=859  \\$aELD$bejournal
=985  \\$aThis record is based on a PDF version of the printed title. Probably not generally available in this format. The publisher's online product is in the form of a database see: http://www.cabi.org/publishing-products/online-information-resources/cab-abstracts-subset-archives/ . ISSN not assigned for this PDF version.
=CAT  \\$a11316$b40$c20151229$lBLL01$h1013
=CAT  \\$a11316$b40$c20151229$lBLL01$h1019
=CAT  \\$aW1711-1005$c20171206$lBLL01$h1829
=CAT  \\$a8871$b40$c20181107$lBLL01$h1214
=FIN  \\$aY$d20151229
=FMT  \\$a  SE
=LAS  \\$a8871$b40$c20181107$lBLL01$h1214
=LET  \0$aDairy science abstracts (Electronic)
=LKR  \\$aPAR$b009542626$lBLL01$nDairy science abstracts (Print)$mDairy science abstracts (Online)$r776

