=LDR  03515cas a2200649 i 4500
=001  017682977
=003  Uk
=005  20151229104003.0
=006  m\\\\\|\\d\|\\\\\\
=007  cr\|||||||||||
=008  151229c19599999enkmr|p\oa\\\\0\\\a0eng\\
=022  0\$y0043-8219
=040  \\$aUk$beng$cUk$erda
=042  \\$aukblsr
=082  04$a338.1$223
=245  00$aWorld agricultural economics and rural sociology abstracts.
=246  13$aWAERSA
=260  \\$aFarnham Royal :$bCommonwealth Agricultural Bureaux,$c[1959]-
=264  31$a[Wallingford] :$bCAB International
=310  \\$aMonthly,$b1973-
=321  \\$aQuarterly,$b1959-1972
=336  \\$atext$2rdacontent
=337  \\$acomputer$2rdamedia
=338  \\$aonline resource$2rdacarrier
=362  1\$aPrint began with: volume 1 (April 1959).
=500  \\$aPreceded by Preliminary issue dated July 1958 which has title: World agricultural economics abstracts.
=500  \\$aPublished in co-operation with the International Conference of Agricultural Economists (later International Association of Agricultural Economists) and the International Association of Agricultural Librarians and Documentalists.
=500  \\$aFrom vol.8, no.2, 1966 prepared by the Commonwealth Bureau of Agricultural Economics.
=530  \\$aAlso issued as a fully searchable abstracts database derived from CAB abstracts.
=588  \\$aDescription based on print version record.
=588  \\$aLatest issue consulted: volume 58, number 1 (2016).
=650  \0$aAgriculture$xEconomic aspects$vBibliography$vPeriodicals.
=650  \0$aSociology, Rural$vBibliography$vPeriodicals.
=650  \0$aAgriculture$xEconomic aspects$vAbstracts$vPeriodicals.
=650  \0$aSociology, Rural$vAbstracts$vPeriodicals.
=690  7\$aManagement and Business Studies$2blcoll
=710  2\$aInternational Association of Agricultural Economists.
=710  2\$aInternational Association of Agricultural Librarians and Documentalists.
=710  2\$aCommonwealth Bureau of Agricultural Economics.
=710  2\$aCommonwealth Agricultural Bureaux.
=710  2\$aC.A.B. International,$eissuing body.
=776  08$iAlso issued in print as:$tWorld agricultural economics and rural sociology abstracts$x0043-8219
=780  00$tWorld agricultural economics abstracts
=780  05$tDigest of agricultural economics and marketing
=787  1\$tCAB abstracts
=852  41$aBritish Library$bHMNTS$jELD Digital store$3Volume 58:Number 1(2016)-
=856  4\$uhttp://www.cabi.org/publishing-products/online-information-resources/world-agricultural-economics-and-rural-sociology-abstracts/$zTo subscribe for online access
=859  \\$aELD$bejournal
=985  \\$aThis record is based on a PDF version of the printed title. Probably not generally available in this format. The publisher's online product is in the form of a database see: http://www.cabi.org/publishing-products/online-information-resources/cab-abstracts-subset-archives/. ISSN not assigned for this PDF version.
=CAT  \\$a11316$b40$c20151229$lBLL01$h1040
=CAT  \\$aBATCH-MBS$c20160108$lBLL01$h2117
=CAT  \\$aW1711-1005$c20171206$lBLL01$h1829
=FIN  \\$aY$d20151229
=FMT  \\$a  SE
=LAS  \\$aW1711-1005$b00$c20171206$lBLL01$h1829
=LET  \0$aWorld agricultural economics and rural sociology abstracts (Electronic)
=LKR  \\$aPAR$b008893209$lBLL01$nWorld agricultural economics and rural sociology abstracts (Print)$mWorld agricultural economics and rural sociology abstracts (Online)$r776

