=LDR  02523cas a2200481 i 4500
=001  017683007
=003  Uk
=005  20151229111446.0
=006  m\\\\\|\\d\|\\\\\\
=007  cr\|||||||||||
=008  151229c19779999enkmr|p\oa\\\\0\\\a0eng\\
=022  0\$y0309-135X
=040  \\$aUk$beng$cUk$erda
=042  \\$aukblsr
=082  04$a636.085$223
=245  00$aNutrition abstracts and reviews.$nSeries B,$pLivestock feeds and feeding.
=260  \\$aFarnham Royal :$bCommonwealth Agricultural Bureau,$c[1977]-
=264  31$a[Wallingford] :$bCAB International
=310  \\$aMonthly
=336  \\$atext$2rdacontent
=337  \\$acomputer$2rdamedia
=338  \\$aonline resource$2rdacarrier
=500  \\$aPrepared by the Commonwealth Bureau of Nutrition.
=530  \\$aAlso issued as a fully searchable abstracts database derived from CAB abstracts.
=588  \\$aDescription based on print version record.
=588  \\$aLatest issue consulted: volume 58, number 1 (2016).
=710  2\$aCommonwealth Bureau of Nutrition.
=710  2\$aC.A.B. International,$eissuing body.
=776  08$iAlso issued in print as:$tNutrition abstracts and reviews. Series B, Livestock feeds and feeding$x0309-135X
=780  01$tNutrition abstracts and reviews
=787  1\$tCAB abstracts
=852  41$aBritish Library$bHMNTS$jELD Digital store$3Volume 86:Number 1(2016)-
=856  4\$uhttp://www.cabi.org/publishing-products/online-information-resources/nutrition-abstracts-and-reviews-series-b-livestock-feeds-and-feeding/$zTo subscribe for online access
=859  \\$aELD$bejournal
=985  \\$aThis record is based on a PDF version of the printed title. Probably not generally available in this format. The publisher's online product is in the form of a database see: http://www.cabi.org/publishing-products/online-information-resources/cab-abstracts-subset-archives/. ISSN not assigned for this PDF version.
=985  \\$aPDF copy submitted lacks cover. Titles on issue lack the section title. Section title present on Web page.
=CAT  \\$a11316$b40$c20151229$lBLL01$h1114
=CAT  \\$aW1711-1005$c20171206$lBLL01$h1829
=FIN  \\$aY$d20151229
=FMT  \\$a  SE
=LAS  \\$aW1711-1005$b00$c20171206$lBLL01$h1829
=LET  \0$aNutrition abstracts and reviews. Series B, Livestock feeds and feeding (Electronic)
=LKR  \\$aPAR$b009559134$lBLL01$nNutrition abstracts and reviews. Series B, Livestock feeds and feeding (Print)$mNutrition abstracts and reviews. Series B, Livestock feeds and feeding (Online)$r776

