=LDR  02179cas a2200469 i 4500
=001  017683025
=003  Uk
=005  20151229113145.0
=006  m\\\\\|\\d\|\\\\\\
=007  cr\|||||||||||
=008  151229c19959999enkbr|p\oa\\\\0\\\a0eng\\
=022  0\$y1356-1421
=040  \\$aUk$beng$cUk$erda
=042  \\$aukblsr
=082  04$a581.634$223
=245  00$aReview of aromatic and medicinal plants.
=246  1\$iAlso known as:$aRAMP
=260  \\$aWallingord :$bCAB International,$c1995-
=264  31$a[Wallingford] :$bCAB International
=310  \\$aBimonthly
=336  \\$atext$2rdacontent
=337  \\$acomputer$2rdamedia
=338  \\$aonline resource$2rdacarrier
=362  1\$aPrint began with: Vol. 1, no. 1 (Feb. 1995).
=530  \\$aAlso issued as a fully searchable abstracts database derived from CAB abstracts.
=588  \\$aDescription based on print version record.
=588  \\$aLatest issue consulted: volume 22, number 1 (2016).
=710  2\$aC.A.B. International,$eissuing body.
=776  08$iAlso issued in print as:$tReview of aromatic and medicinal plants$x1356-1421
=787  1\$tCAB abstracts
=852  41$aBritish Library$bHMNTS$jELD Digital store$3Volume 22:Number 1(2016)-
=856  4\$uhttp://www.cabi.org/publishing-products/online-information-resources/review-of-aromatic-and-medicinal-plants/$zTo subscribe for online access
=859  \\$aELD$bejournal
=985  \\$aThis record is based on a PDF version of the printed title. Probably not generally available in this format. The publisher's online product is in the form of a database see: http://www.cabi.org/publishing-products/online-information-resources/cab-abstracts-subset-archives/. ISSN not assigned for this PDF version.
=CAT  \\$a11316$b40$c20151229$lBLL01$h1130
=CAT  \\$a11316$b40$c20151229$lBLL01$h1131
=CAT  \\$aW1711-1005$c20171206$lBLL01$h1829
=FIN  \\$aY$d20151229
=FMT  \\$a  SE
=LAS  \\$aW1711-1005$b00$c20171206$lBLL01$h1829
=LET  \0$aReview of aromatic and medicinal plants (Electronic)
=LKR  \\$aPAR$b009082584$lBLL01$nReview of aromatic and medicinal plants (Print)$mReview of aromatic and medicinal plants (Online)$r776

