=LDR  04344cas a2201045 a 4500
=001  017683116
=003  Uk
=005  20221231145358.0
=006  m\\\\\o\\d\\\\\\\\
=007  cr\|||||||||||
=008  100719c20139999enkqr\p\o\\\\\0\\\a0eng\\
=010  \\$a  2010202402
=015  \\$aGBB619713$2bnb
=022  \\$a2156-5511
=035  \\$a(OCoLC)648730654
=037  \\$aISSN_21565503_21$bPortico$nTaylor & Francis
=040  \\$aDLC$beng$cDLC$dDLC$dOCLCQ$dOTZ$dOCLCO$dOCLCF$dCUY$dUk$epn
=042  \\$aukblsr
=050  10$aISSN RECORD
=050  \4$aHM753
=082  04$a320$223
=245  00$aPolitics, groups, and identities$h[electronic resource].
=246  3\$aPolitics, groups & identities
=246  1\$aPGI
=260  \\$aAbingdon, Oxfordshire, UK :$bRoutledge, Taylor & Francis Group,$c[2013]-
=310  \\$aQuarterly
=336  \\$atext$2rdacontent
=337  \\$acomputer$2rdamedia
=338  \\$aonline resource$2rdacarrier
=362  1\$aBegan with: Volume 1, issue 1 (2013).
=540  \\$aCurrent copyright fee: GBP37.00$c2\0$5Uk
=588  \\$aDescription based on: Volume 1, issue 1 (2013); title from journal home page (Taylor & Francis Online, viewed September 24, 2015).
=588  \\$aLatest issue consulted: volume 4, issue 1 (2016) (viewed February 5, 2016).
=650  \0$aIdentity (Psychology)$vPeriodicals.
=650  \0$aPolitical psychology$vPeriodicals.
=650  \0$aSex$vPeriodicals.
=650  \0$aEthnicity$vPeriodicals.
=650  \7$aEthnicity.$2fast$0(OCoLC)fst00916034
=650  \7$aIdentity (Psychology)$2fast$0(OCoLC)fst00966892
=650  \7$aPolitical psychology.$2fast$0(OCoLC)fst01069667
=650  \7$aSex.$2fast$0(OCoLC)fst01114160
=655  \7$aPeriodicals.$2fast$0(OCoLC)fst01411641
=710  2\$aWestern Political Science Association,$eissuing body.
=776  08$iPrint version:$tPolitics, groups & identities$x2156-5503
=852  41$aBritish Library$bHMNTS$jELD Digital store$3Volume 4:Number 1(2016)-
=856  \\$31850-9999$uhttp://www.tandfonline.com/$xBLDSS
=856  40$uhttp://www.tandfonline.com/toc/rpgi20/current
=859  \\$aELD$bejournal
=945  \\$aPolitics groups and identities.
=979  \\$aBritish Library$bDSC$j6543.946620N
=985  \\$aISSN Key Title not yet confirmed (Richard (Leeds), 05/02/16)
=ACF  \\$aPrevious copyright fee: GBP26.00$c2\0$e14-jan-2016$fGBP26.00$g0$hP$5Uk
=ACF  \\$aPrevious copyright fee: GBP28.00$c2\0$e01-jan-2017$fGBP28.00$g0$hP$5Uk
=ACF  \\$aPrevious copyright fee: GBP30.00$c2\0$e01-jan-2018$fGBP30.00$g0$hP$5Uk
=ACF  \\$aPrevious copyright fee: GBP32.00$c2\0$e01-jan-2019$fGBP32.00$g0$hP$5Uk
=ACF  \\$aPrevious copyright fee: GBP34.00$c2\0$e01-jan-2020$fGBP34.00$g0$hP$5Uk
=CAT  \\$a14412$b40$c20151229$lBLL01$h1332
=CAT  \\$a14412$b40$c20151229$lBLL01$h1333
=CAT  \\$a5552$b40$c20160114$lBLL01$h1442
=CAT  \\$a14448$b40$c20160201$lBLL01$h0903
=CAT  \\$aBLDSS-3PM$b00$c20160201$lBLL01$h1812
=CAT  \\$a10806$b40$c20160205$lBLL01$h1406
=CAT  \\$a10806$b40$c20160205$lBLL01$h1409
=CAT  \\$a10806$b40$c20160205$lBLL01$h1410
=CAT  \\$aBATCH-UPD$b40$c20160413$lBLL01$h1829
=CAT  \\$a11433$b40$c20160418$lBLL01$h1409
=CAT  \\$aBATCH-UPD$b40$c20160526$lBLL01$h0548
=CAT  \\$aBATCH-UPD$b40$c20161122$lBLL01$h1515
=CAT  \\$aIPL-CLA$c20161231$lBLL01$h0024
=CAT  \\$a5552$b40$c20170207$lBLL01$h1405
=CAT  \\$aBATCH-UPD$b40$c20171121$lBLL01$h1651
=CAT  \\$aW1711-1005$c20171206$lBLL01$h1829
=CAT  \\$aIPL-CLA$c20171231$lBLL01$h1831
=CAT  \\$aBATCH-UPD$b00$c20181217$lBLL01$h1641
=CAT  \\$aIPL-CLA$c20181231$lBLL01$h1555
=CAT  \\$aBATCH-UPD$b00$c20191122$lBLL01$h1903
=CAT  \\$aIPL-CLA$c20191231$lBLL01$h2042
=CAT  \\$aBATCH-UPD$b00$c20201118$lBLL01$h1337
=CAT  \\$aIPL-CLA$c20201231$lBLL01$h1533
=CAT  \\$aBATCH-UPD$b00$c20221121$lBLL01$h1350
=CAT  \\$aIPL-CLA$c20221231$lBLL01$h1453
=CFI  0\$aCurrent copyright fee: GBP37.00$c2\0$e01-jan-2023$fGBP37.00$g0$hP$5Uk
=CFI  2\$aPrevious copyright fee: GBP35.00$c2\0$e01-jan-2021$fGBP35.00$g0$hP$5Uk
=FFP  \\$aY$bBLDSS-3PM
=FIN  \\$aY$d20160205
=FMT  \\$a  SE
=LAS  \\$aIPL-CLA$b00$c20221231$lBLL01$h1453
=MNI  \\$a2156-5503
=SID  \\$aZ39$bOCLC
=TOC  \\$aETOC

