=LDR  01513cas a2200409 i 4500
=001  017683152
=003  Uk
=005  20220413115823.0
=007  ta
=008  151229d200u2021enkmr\p\\\\\\\0\\\a0eng\\
=015  \\$aGBB5I6814$2bnb
=040  \\$aUk$beng$cUk$erda
=042  \\$aukblsr
=082  04$a658.50094$223
=245  00$aManufacturing today Europe :$bbest practices for industry leaders.
=246  30$aManufacturing today
=264  \1$aCringleford, Norwich :$bSchofield Publishing,$c-2021.
=300  \\$billustrations (black and white, and colour) ;$c30 cm
=310  \\$aMonthly
=336  \\$atext$2rdacontent
=337  \\$aunmediated$2rdamedia
=338  \\$avolume$2rdacarrier
=362  0\$a-issue 195 (2021).
=588  \\$aDescription based on: autumn 2015 issue.
=588  \\$aLatest issue consulted: issue 195 (2021).
=650  \0$aManufacturing industries$zEurope$xManagement$vPeriodicals.
=650  \0$aIndustrial management$zEurope$vPeriodicals.
=690  7\$aManagement and Business Studies$2blcoll
=785  00$tManufacturing today
=852  11$aBritish Library$bSTI$cBIPC$k(P)$h658.50094$m-E(2) Business$3Autumn (2015)-issue 195 (2021)***Last 4 years
=985  \\$aLikely related to US publication: Manufacturing today (Schofield Media), ISSN 1930-1359.
=CAT  \\$a11205$b40$c20151229$lBLL01$h1355
=CAT  \\$aBATCH-MBS$c20160212$lBLL01$h2109
=CAT  \\$a11315$b40$c20220413$lBLL01$h1158
=FIN  \\$aY$d20151229
=FMT  \\$a  SE
=LAS  \\$a11315$b40$c20220413$lBLL01$h1158

