=LDR  02280cas a2200505 i 4500
=001  017683166
=003  Uk
=005  20151229140637.0
=006  m\\\\\|\\d\|\\\\\\
=007  cr\|||||||||||
=008  151229c19909999enkbr|p\oa\\\\0\\\a0eng\\
=022  0\$y0957-5022
=040  \\$aUk$beng$cUk$erda
=042  \\$aukblsr
=082  04$a338.47664105$223
=130  0\$aSugar industry abstracts (1990)
=245  10$aSugar industry abstracts.
=264  \1$aWallingford :$bCAB International
=310  \\$aBimonthly
=336  \\$atext$2rdacontent
=337  \\$acomputer$2rdamedia
=338  \\$aonline resource$2rdacarrier
=362  1\$aPrint began in 1990.
=530  \\$aAlso issued as a fully searchable abstracts database derived from CAB abstracts.
=588  \\$aDescription based on print version record.
=588  \\$aLatest issue consulted: volume 78, number 1 (2016).
=650  \0$aSugar trade$vAbstracts$vPeriodicals.
=650  \0$aSugar$xManufacture and refining$vAbstracts$vPeriodicals.
=690  7\$aManagement and Business Studies$2blcoll
=710  2\$aC.A.B. International,$eissuing body.
=776  08$iAlso issued in print as:$tSugar industry abstracts (1990)$x0957-5022
=780  00$tTate & Lyle's sugar industry abstracts
=787  1\$tCAB abstracts
=852  41$aBritish Library$bHMNTS$jELD Digital store$3Volume 78:Number 1( 2016)-
=856  4\$uhttp://www.cabi.org/publishing-products/online-information-resources/sugar-industry-abstracts/$zTo subscribe for online access
=859  \\$aELD$bejournal
=985  \\$aThis record is based on a PDF version of the printed title. Probably not generally available in this format. The publisher's online product is in the form of a database see: http://www.cabi.org/publishing-products/online-information-resources/cab-abstracts-subset-archives/. ISSN not assigned for this PDF version.
=CAT  \\$a11316$b40$c20151229$lBLL01$h1406
=CAT  \\$aBATCH-MBS$c20160108$lBLL01$h2117
=CAT  \\$aW1711-1005$c20171206$lBLL01$h1829
=FIN  \\$aY$d20151229
=FMT  \\$a  SE
=LAS  \\$aW1711-1005$b00$c20171206$lBLL01$h1829
=LET  \0$aSugar industry abstracts (Electronic)
=LKR  \\$aPAR$b010816517$lBLL01$nSugar industry abstracts (1990. Print)$mSugar industry abstracts (1990. Online)$r776

