=LDR  01445 as a2200433 i 4500
=001  017697399
=003  Uk
=005  20201126160323.0
=007  ta
=008  160106d201u2018enkar\p\\\\\\\0\\\a0eng\\
=015  \\$aGBB604926$2bnb
=040  \\$aUk$beng$cUk$dUk$erda
=042  \\$aukblsr
=082  04$a520.5$223
=245  00$aSky at night magazine yearbook.
=246  13$aBBC sky at night magazine yearbook
=246  3\$aYearbook
=264  \1$aBristol :$bImmediate Media Company,$c[2014?]-2015.
=300  \\$billustrations (colour) ;$c30 cm.
=310  \\$aAnnual
=336  \\$atext$2rdacontent
=337  \\$aunmediated$2rdamedia
=338  \\$avolume$2rdacarrier
=362  0\$a-2016.
=490  0\$aBBC sky at night magazine collector's edition,$x2059-0083
=588  \\$aDescription based on: 2016 issue.
=650  \0$aAstronomy$vPeriodicals.
=785  00$tSky at night magazine. Discover space. Yearbook
=787  0\$tBBC sky at night$x1745-9869
=852  41$aBritish Library$bHMNTS$jZK.9.b.34495$32016
=985  \\$aPrinting the series ISSN on issue seen (2016).
=CAT  \\$a8483$b40$c20160106$lBLL01$h0945
=CAT  \\$a8483$b40$c20160106$lBLL01$h0948
=CAT  \\$a8483$b40$c20160106$lBLL01$h0951
=CAT  \\$a8323$b40$c20201126$lBLL01$h1603
=FIN  \\$aY$d20160106
=FMT  \\$a  SE
=LAS  \\$a8323$b40$c20201126$lBLL01$h1603
=LKR  \\$aPAR$b013068020$lBLL01$r787$mSky at night magazine yearbook.$nBBC sky at night

