=LDR  02584 as a2200529 i 4500
=001  017703357
=003  Uk
=005  20200817151617.0
=006  m\\\\\|\\d\|\\\\\\
=007  cr\|||||||||||
=008  160112d19812019enkmr\p\oa\\\\0\\\a0eng\\
=022  0\$y0260-5511
=040  \\$aUk$beng$cUk$erda{dollar}dUk
=042  \\$aukblsr
=082  04$a616.9$223
=245  00$aAbstracts on hygiene and communicable diseases.
=260  \\$aLondon :$bBureau of Hygiene and Tropical Diseases,$c[1981]-2019.
=264  31$a[Wallingford] :$bCAB International
=310  \\$aMonthly
=336  \\$atext$2rdacontent
=337  \\$acomputer$2rdamedia
=338  \\$aonline resource$2rdacarrier
=362  1\$aPrint began with: vol. 56, no. 1 (Jan. 1981) ; ceased with volume 94, number 12 (2019).
=500  \\$aContents derived from the Global Health database.
=530  \\$aAlso issued as a fully searchable abstracts database.
=588  \\$aDescription based on print version record.
=588  \\$aLatest issue consulted: volume 91, number 1 (2016).
=650  \0$aPublic health$vAbstracts$vPeriodicals.
=650  \0$aCommunicable diseases$vAbstracts$vPeriodicals.
=710  1\$aGreat Britain.$bBureau of Hygiene and Tropical Diseases.
=710  2\$aC.A.B. International,$eissuing body.
=776  08$iAlso issued in print as:$tAbstracts on hygiene and communicable diseases$x0260-5511
=780  00$tAbstracts on hygiene
=787  1\$tGlobal health
=852  41$aBritish Library$bSTI$jELD Digital store$3Volume 91:Number 1(2016)-Volume 94:Number 12(2019)
=856  4\$uhttp://www.cabi.org/publishing-products/online-information-resources/abstracts-on-hygiene-and-communicable-diseases/$zTo subscribe for online access
=859  \\$aELD$bejournal
=985  \\$aThis record is based on a PDF version of the printed title. Probably not generally available in this format. The publisher's online product is in the form of a database see: http://www.cabi.org/publishing-products/online-information-resources/cab-abstracts-subset-archives/. ISSN not assigned for this PDF version.
=CAT  \\$a11316$b40$c20160112$lBLL01$h1446
=CAT  \\$a11316$b40$c20160112$lBLL01$h1450
=CAT  \\$aW1711-1005$c20171206$lBLL01$h1829
=CAT  \\$a8124$b40$c20200817$lBLL01$h1516
=FIN  \\$aY$d20160112
=FMT  \\$a  SE
=LAS  \\$a8124$b40$c20200817$lBLL01$h1516
=LET  \0$aAbstracts on hygiene and communicable diseases (Electronic)
=LKR  \\$aPAR$b012097642$lBLL01$nAbstracts on hygiene and communicable diseases (Print)$mAbstracts on hygiene and communicable diseases (Online)$r776

