=LDR  02187cas a2200469 i 4500
=001  017703413
=003  Uk
=005  20160112155335.0
=006  m\\\\\|\\d\|\\\\\\
=007  cr\|||||||||||
=008  160112c19759999enkmr|p\oa\\\\0\\\a0eng\\
=022  0\$y0305-4934
=040  \\$aUk$beng$cUk$erda
=042  \\$aukblsr
=082  04$a635.9$223
=245  00$aOrnamental horticulture.
=260  \\$aSlough :$bCommonwealth Agricultural Bureaux [for the] Commonwealth Bureau of Horticulture and Plantation Crops,$c[1975]-
=264  31$a[Wallingford] :$bCAB International
=310  \\$aMonthly
=336  \\$atext$2rdacontent
=337  \\$acomputer$2rdamedia
=338  \\$aonline resource$2rdacarrier
=362  1\$aPrint began in 1975.
=530  \\$aAlso issued as a fully searchable abstracts database derived from CAB abstracts.
=588  \\$aDescription based on print version record.
=588  \\$aLatest issue consulted: volume 42, number 1 (2016).
=650  \0$aOrnamental horticulture$xAbstracts$xPeriodicals.
=710  2\$aCommonwealth Bureau of Horticulture and Plantation Crops.
=710  2\$aC.A.B. International,$eissuing body.
=776  08$iAlso issued in print as:$tOrnamental horticulture$x0305-4934
=787  1\$tCAB abstracts
=852  41$aBritish Library$bSTI$jELD Digital store$3Volume 42:Number 1(2016)-
=856  4\$uhttp://www.cabi.org/publishing-products/online-information-resources/ornamental-horticulture/$zTo subscribe for online access
=859  \\$aELD$bejournal
=985  \\$aThis record is based on a PDF version of the printed title. Probably not generally available in this format. The publisher's online product is in the form of a database see: http://www.cabi.org/publishing-products/online-information-resources/cab-abstracts-subset-archives/. ISSN not assigned for this PDF version.
=CAT  \\$a11316$b40$c20160112$lBLL01$h1553
=CAT  \\$aW1711-1005$c20171206$lBLL01$h1829
=FIN  \\$aY$d20160112
=FMT  \\$a  SE
=LAS  \\$aW1711-1005$b00$c20171206$lBLL01$h1829
=LET  \0$aOrnamental horticulture (Electronic)
=LKR  \\$aPAR$b007007812$lBLL01$nOrnamental horticulture (Print)$mOrnamental horticulture (Online)$r776

