=LDR  02186cas a2200493 i 4500
=001  017706366
=003  Uk
=005  20160114111141.0
=006  m\\\\\|\\d\|\\\\\\
=007  cr\|||||||||||
=008  160114c19129999enkmr|p\oa\\\\0\\\a0eng\\
=022  0\$y0041-3240
=040  \\$aUk$beng$cUk$erda
=042  \\$aukblsr
=082  04$a616.9883$223
=245  00$aTropical diseases bulletin.
=260  \\$aLondon :$bBureau of Hygiene and Tropical Diseases,$c1912-
=264  31$a[Wallingford] :$bCAB International
=310  \\$aMonthly
=336  \\$atext$2rdacontent
=337  \\$acomputer$2rdamedia
=338  \\$aonline resource$2rdacarrier
=362  1\$aPrint began in 1912.
=500  \\$aContents derived from the Global Health database.
=530  \\$aAlso issued as a fully searchable abstracts database.
=588  \\$aDescription based on print version record.
=588  \\$aLatest issue consulted: volume 113, number 1 (2016).
=650  \0$aTropical medicine$vAbstracts$vPeriodicals.
=710  2\$aC.A.B. International,$eissuing body.
=776  08$iAlso issued in print as:$tTropical diseases bulletin$x0041-3240
=780  04$tSleeping sickness bulletin
=780  04$tKala Azar bulletin
=787  1\$tGlobal health
=852  41$aBritish Library$bHMNTS$jELD Digital store$3Volume 113:Number 1(2016)-
=856  40$uhttp://www.cabi.org/publishing-products/online-information-resources/tropical-diseases-bulletin/$zTo subscribe for online access
=859  \\$aELD$bejournal
=985  \\$aThis record is based on a PDF version of the printed title. Probably not generally available in this format. The publisher's online product is in the form of a database see: http://www.cabi.org/publishing-products/online-information-resources/cab-abstracts-subset-archives/. ISSN not assigned for this PDF version.
=CAT  \\$a11316$b40$c20160114$lBLL01$h1111
=CAT  \\$aW1711-1005$c20171206$lBLL01$h1829
=FIN  \\$aY$d20160114
=FMT  \\$a  SE
=LAS  \\$aW1711-1005$b00$c20171206$lBLL01$h1829
=LET  \0$aTropical diseases bulletin (Electronic)
=LKR  \\$aPAR$b008631882$lBLL01$nTropical diseases bulletin (Print)$mTropical diseases bulletin (Online)$r776

