=LDR  03867cas a2200889 i 4500
=001  017706630
=003  Uk
=005  20221231145403.0
=006  m\\\\\|\\d\|\\\\\\
=007  cr\|||||||||||
=008  160114c20009999enkfr\p\o\\\\\0\\\a0eng\\
=015  \\$aGBB619279$2bnb
=022  0\$a2377-729X
=037  \\$aISSN_15021149_21$bPortico$nTaylor & Francis
=040  \\$aUk$beng$cUk$erda
=042  \\$aukblsr
=082  04$a150.287$223
=245  00$aEuropean journal of behavior analysis.
=246  13$aEJOBA
=260  \\$aOslo :$bNorwegian Association for Behavior Analysis,$c[2000]-
=264  31$a[Abingdon] :$bTaylor & Francis Group in collaboration with the Norwegian Association for Behavior Analysis
=310  \\$aSemiannual
=336  \\$atext$2rdacontent
=337  \\$acomputer$2rdamedia
=338  \\$aonline resource$2rdacarrier
=362  1\$aPrint began in 2000.
=540  \\$aCurrent copyright fee: GBP37.00$c2\0$5Uk
=588  \\$aDescription based on print version record.
=588  \\$aLatest issue consulted: volume 16, issue 2 (2015) (Taylor & Francis Online, viewed February 3, 2016).
=650  \0$aBehavioral assessment$vPeriodicals.
=690  7\$aManagement and Business Studies$2blcoll
=710  2\$aNorsk atferdsanalytisk forening.
=776  08$iAlso issued in print as:$tEuropean journal of behavior analysis$x1502-1149
=852  41$aBritish Library$bHMNTS$jELD Digital store$3Volume 17:Issue 1(2016)-
=856  \\$31850-9999$uhttp://www.tandfonline.com/$xBLDSS
=856  40$uhttp://www.tandfonline.com/toc/rejo20/current
=859  \\$aELD$bejournal
=945  \\$aEuropean journal of behavior analysis.
=979  \\$aBritish Library$bDSC$j3829.722650
=985  \\$aWork record only on ISSN portal. Please add key title when validated. 3/2/2016.
=ACF  \\$aPrevious copyright fee: GBP26.00$c2\0$e24-feb-2016$fGBP26.00$g0$hP$5Uk
=ACF  \\$aPrevious copyright fee: GBP28.00$c2\0$e01-jan-2017$fGBP28.00$g0$hP$5Uk
=ACF  \\$aPrevious copyright fee: GBP30.00$c2\0$e01-jan-2018$fGBP30.00$g0$hP$5Uk
=ACF  \\$aPrevious copyright fee: GBP32.00$c2\0$e01-jan-2019$fGBP32.00$g0$hP$5Uk
=ACF  \\$aPrevious copyright fee: GBP34.00$c2\0$e01-jan-2020$fGBP34.00$g0$hP$5Uk
=CAT  \\$a8464$b40$c20160114$lBLL01$h1534
=CAT  \\$a11205$b40$c20160203$lBLL01$h1536
=CAT  \\$a8464$b40$c20160204$lBLL01$h1339
=CAT  \\$aBATCH-MBS$c20160212$lBLL01$h2109
=CAT  \\$a5552$b40$c20160224$lBLL01$h1439
=CAT  \\$aBLDSS-3PM$b00$c20160302$lBLL01$h1647
=CAT  \\$aBATCH-UPD$b00$c20160413$lBLL01$h1829
=CAT  \\$aBATCH-UPD$b00$c20160829$lBLL01$h0434
=CAT  \\$aBATCH-UPD$b00$c20161122$lBLL01$h1515
=CAT  \\$aIPL-CLA$c20161231$lBLL01$h0025
=CAT  \\$a5552$b40$c20170523$lBLL01$h1213
=CAT  \\$aBATCH-UPD$b40$c20171121$lBLL01$h1651
=CAT  \\$aW1711-1005$c20171206$lBLL01$h1829
=CAT  \\$aIPL-CLA$c20171231$lBLL01$h1831
=CAT  \\$aBATCH-UPD$b00$c20181217$lBLL01$h1641
=CAT  \\$aIPL-CLA$c20181231$lBLL01$h1555
=CAT  \\$aBATCH-UPD$b00$c20191122$lBLL01$h1903
=CAT  \\$aIPL-CLA$c20191231$lBLL01$h2042
=CAT  \\$aBATCH-UPD$b00$c20201118$lBLL01$h1337
=CAT  \\$aIPL-CLA$c20201231$lBLL01$h1533
=CAT  \\$aBATCH-UPD$b00$c20221121$lBLL01$h1350
=CAT  \\$aIPL-CLA$c20221231$lBLL01$h1454
=CFI  0\$aCurrent copyright fee: GBP37.00$c2\0$e01-jan-2023$fGBP37.00$g0$hP$5Uk
=CFI  2\$aPrevious copyright fee: GBP35.00$c2\0$e01-jan-2021$fGBP35.00$g0$hP$5Uk
=FFP  \\$aY$bBLDSS-3PM
=FIN  \\$aY$d20160203
=FMT  \\$a  SE
=LAS  \\$aIPL-CLA$b00$c20221231$lBLL01$h1454
=LET  \0$aEuropean journal of behavior analysis (Electronic)
=LKR  \\$aPAR$b007858675$lBLL01$nEuropean journal of behavior analysis (Print)$mEuropean journal of behavior analysis (Online)$r776
=MNI  \\$a1502-1149
=TOC  \\$aETOC

