=LDR  03571cas a2200853 i 4500
=001  017714104
=003  Uk
=005  20230930081117.0
=006  m\\\\\|\\d\|\\\\\\
=007  cr\|||||||||||
=008  160121c20169999paubr\pss\\\\\0\\\a0eng\\
=015  \\$aGBB629183$2bnb
=022  0\$a2380-8993
=037  \\$aISSN_23808993_21$bPortico$nTaylor & Francis
=040  \\$aUk$beng$cUk$erda
=042  \\$aukblsr
=082  04$a615.19005$223
=245  00$aExpert review of precision medicine and drug development.
=264  \1$a[Philadelphia, PA] :$bTaylor & Francis,$c2016-
=310  \\$aBimonthly
=336  \\$atext$2rdacontent
=337  \\$acomputer$2rdamedia
=338  \\$aonline resource$2rdacarrier
=362  0\$aVolume 1, issue 1 (2016)-
=500  \\$aTitle from table of contents page (Taylor & Francis Online, viewed March 1, 2016).
=500  \\$a"Personalized medicine in drug development and clinical practice."
=540  \\$aCurrent copyright fee: GBP73.00$c2\0$5Uk
=650  \0$aPersonalized medicine$vPeriodicals.
=650  \0$aDrug development$vPeriodicals.
=852  41$aBritish Library$bSTI$jELD Digital store$3Volume 1:Issue 1(2016)-***Previous issues available in print copy
=856  \\$31850-9999$uhttp://www.tandfonline.com/$xBLDSS
=856  40$uhttp://www.tandfonline.com/toc/tepm20/current
=859  \\$aELD$bejournal
=945  \\$aExpert review of precision medicine and drug development
=979  \\$aBritish Library$bDSC$j9838.213127N
=985  \\$aWork record only on ISSN portal. Please add key title when validated. 1/3/2016.
=ACF  \\$aPrevious copyright fee: GBP57.00$c36\0$e05-oct-2016$fGBP57.00$g0$hP$5Uk
=ACF  \\$aPrevious copyright fee: GBP59.00$c45\0$e01-jan-2017$fGBP59.00$g0$hP$5Uk
=ACF  \\$aPrevious copyright fee: GBP66.00$c45\0$e01-jan-2019$fGBP66.00$g0$hP$5Uk
=ACF  \\$aPrevious copyright fee: GBP69.00$c45\0$e01-jan-2020$fGBP69.00$g0$hP$5Uk
=ACF  \\$aPrevious copyright fee: GBP71.00$c45\0$e01-jan-2022$fGBP71.00$g0$hP$5Uk
=CAT  \\$a11147$b40$c20160121$lBLL01$h1338
=CAT  \\$a11147$b40$c20160121$lBLL01$h1339
=CAT  \\$a8464$b40$c20160204$lBLL01$h1442
=CAT  \\$a8464$b40$c20160204$lBLL01$h1443
=CAT  \\$a11205$b40$c20160301$lBLL01$h1451
=CAT  \\$a11205$b40$c20160301$lBLL01$h1452
=CAT  \\$a11205$b40$c20160301$lBLL01$h1543
=CAT  \\$a5552$b40$c20161005$lBLL01$h0909
=CAT  \\$aBLDSS-3PM$b00$c20161102$lBLL01$h1054
=CAT  \\$aBATCH-UPD$b00$c20161102$lBLL01$h1055
=CAT  \\$aIPL-CLA$c20161231$lBLL01$h0025
=CAT  \\$aW1711-1005$c20171206$lBLL01$h1829
=CAT  \\$a5552$b40$c20181213$lBLL01$h1444
=CAT  \\$aIPL-CLA$c20181231$lBLL01$h1555
=CAT  \\$a5552$b40$c20191120$lBLL01$h0847
=CAT  \\$aIPL-CLA$c20191231$lBLL01$h2042
=CAT  \\$a5552$b40$c20210128$lBLL01$h0839
=CAT  \\$a5410$b40$c20210128$lBLL01$h0925
=CAT  \\$a5410$b40$c20210210$lBLL01$h0925
=CAT  \\$aBATCH-UPD$b40$c20211119$lBLL01$h1519
=CAT  \\$aIPL-CLA$c20211231$lBLL01$h1547
=CAT  \\$aBATCH-UPD$b00$c20230518$lBLL01$h1422
=CAT  \\$aIPL-CLA$c20230518$lBLL01$h1500
=CAT  \\$aR2308-1440$c20230824$lBLL01$h0930
=CAT  \\$aIPL-CLA$c20230930$lBLL01$h0811
=CFI  0\$aCurrent copyright fee: GBP73.00$c2\0$e01-oct-2023$fGBP73.00$g0$hP$5Uk
=CFI  2\$aPrevious copyright fee: GBP73.00$c45\0$e18-may-2023$fGBP73.00$g0$hP$5Uk
=FFP  \\$aY$bBLDSS-3PM
=FIN  \\$aY$d20160301
=FMT  \\$a  SE
=LAS  \\$aIPL-CLA$b00$c20230930$lBLL01$h0811
=MNI  \\$a2380-8993
=TOC  \\$aETOC

