=LDR  03114cas a2200769 i 4500
=001  017714146
=003  Uk
=005  20230930081118.0
=006  m\\\\\|\\d\|\\\\\\
=007  cr\|||||||||||
=008  160121c20169999paubr\pss\\\\\0\\\a0eng\\
=015  \\$aGBB629194$2bnb
=022  0\$a2380-9000
=037  \\$aISSN_23809000_21$bPortico$nTaylor & Francis
=040  \\$aUk$beng$cUk$erda
=042  \\$aukblsr
=082  04$a616.99406$223
=245  00$aExpert review of quality of life in cancer care.
=264  \1$a[Philadelphia, PA] :$bTaylor & Francis,$c2016-
=310  \\$aBimonthly
=336  \\$atext$2rdacontent
=337  \\$acomputer$2rdamedia
=338  \\$aonline resource$2rdacarrier
=362  0\$aVolume 1, issue 1 (2016)-
=500  \\$aTitle from table of contents page (Taylor & Francis Online, viewed March 1, 2016).
=540  \\$aCurrent copyright fee: GBP66.00$c2\0$5Uk
=650  \0$aCancer$xPatients$xCare$vPeriodicals.
=650  \0$aCancer$xTreatment$vPeriodicals.
=650  \0$aCancer$xPalliative treatment$vPeriodicals.
=852  41$aBritish Library$bSTI$jELD Digital store$3Volume 1:Issue 1(2016)-Volume 3:Issue 4(2018)***Previous issues available in print copy
=856  \\$31850-9999$uhttp://www.tandfonline.com/$xBLDSS
=859  \\$aELD$bejournal
=945  \\$aExpert review of quality of life in cancer care.
=979  \\$aBritish Library$bDSC$j9838.213105N
=985  \\$aWork record only on ISSN portal. Please add key title when validated. 1/3/2016.
=ACF  \\$aPrevious copyright fee: GBP57.00$c36\0$e05-oct-2016$fGBP57.00$g0$hP$5Uk
=ACF  \\$aPrevious copyright fee: GBP59.00$c45\0$e01-jan-2017$fGBP59.00$g0$hP$5Uk
=CAT  \\$a11147$b40$c20160121$lBLL01$h1428
=CAT  \\$a8464$b40$c20160204$lBLL01$h1444
=CAT  \\$a8464$b40$c20160204$lBLL01$h1445
=CAT  \\$a8464$b40$c20160204$lBLL01$h1446
=CAT  \\$a8464$b40$c20160204$lBLL01$h1448
=CAT  \\$a11205$b40$c20160301$lBLL01$h1555
=CAT  \\$a11205$b40$c20160301$lBLL01$h1558
=CAT  \\$a5552$b40$c20161005$lBLL01$h0908
=CAT  \\$aBLDSS-3PM$b00$c20161102$lBLL01$h1054
=CAT  \\$aBATCH-UPD$b00$c20161102$lBLL01$h1055
=CAT  \\$aIPL-CLA$c20161231$lBLL01$h0025
=CAT  \\$aW1711-1005$c20171206$lBLL01$h1829
=CAT  \\$a5552$b40$c20190111$lBLL01$h1249
=CAT  \\$a5552$b40$c20190211$lBLL01$h1353
=CAT  \\$a5552$b40$c20190211$lBLL01$h1559
=CAT  \\$aBLDSS-3PM$b00$c20190305$lBLL01$h1644
=CAT  \\$aBATCH-UPD$b00$c20190305$lBLL01$h1645
=CAT  \\$a5552$b40$c20190322$lBLL01$h0848
=CAT  \\$a5410$b40$c20200908$lBLL01$h0957
=CAT  \\$a5410$b40$c20200908$lBLL01$h1042
=CAT  \\$aBATCH-FIX$c20230511$lBLL01$h1631
=CAT  \\$aR2308-1440$c20230824$lBLL01$h0930
=CAT  \\$aIPL-CLA$c20230930$lBLL01$h0811
=CFI  0\$aCurrent copyright fee: GBP66.00$c2\0$e01-oct-2023$fGBP66.00$g0$hP$5Uk
=CFI  2\$aPrevious copyright fee: GBP66.00$c45\0$e11-jan-2018$fGBP66.00$g0$hP$5Uk
=FFP  \\$aY$bBLDSS-3PM
=FIN  \\$aY$d20160301
=FMT  \\$a  SE
=LAS  \\$aIPL-CLA$b00$c20230930$lBLL01$h0811
=MNI  \\$a2380-9000

