=LDR  05181cas a2201081 i 4500
=001  017714257
=003  Uk
=005  20221231145405.0
=006  m\\\\\o\\d\\\\\\\\
=007  cr\|||||||||||
=008  070927c19999999gauqr\p\o\\\\\|\\\a0eng\\
=010  \\$a  2013207581$z  2006236788
=015  \\$aGBB679694$2bnb
=016  \\$a013626677
=022  0\$a2333-6897$y1522-8053$21
=035  \\$a(OCoLC)173371302$z(OCoLC)65356985
=037  \\$aISSN_15228053_21$bPortico$nTaylor & Francis
=040  \\$aGBT$beng$cGBT$dHUA$dUKMGB$dOCLCQ$dDLC$dOCLCO$dOCLCQ$dOCLCF$dOCLCO$dUk$erda
=042  \\$aukblsr
=050  14$aHD30.2
=082  04$a658.05$223
=130  0\$aJournal of information technology case and application research (Online)
=245  10$aJournal of information technology case and application research :$bJITCAR.
=246  1\$aJournal of IT case and application research
=246  3\$aJITCAR
=246  1\$iIssues prior to 2005 called:$aJournal of information technology cases and applications
=264  \1$aMarietta, Ga. :$bIvy League Pub.
=264  31$32014- :$aPhiladelphia, Pennsylvania :$bRoutledge, Taylor & Francis Group
=310  \\$aQuarterly
=336  \\$atext$2rdacontent
=337  \\$acomputer$2rdamedia
=338  \\$aonline resource$2rdacarrier
=362  0\$aVolume 1, issue 1 (1999)-
=500  \\$aTitle from table of contents page (Taylor & Francis Online, viewed June 10, 2016).
=538  \\$aMode of access: World Wide Web.
=540  \\$aCurrent copyright fee: GBP37.00$c2\0$5Uk
=588  \\$aLatest issue consulted: volume 18, issue 1 (2016) (viewed June 10, 2016).
=650  \0$aInformation technology$vPeriodicals.
=650  \0$aInformation technology$xManagement$vPeriodicals.
=650  \7$aInformation technology.$2fast$0(OCoLC)fst00973089
=650  \7$aInformation technology$xManagement.$2fast$0(OCoLC)fst00973112
=655  \0$aElectronic journals.
=655  \7$aPeriodicals.$2fast$0(OCoLC)fst01411641
=690  7\$aManagement and Business Studies$2blcoll
=710  2\$aProQuest Information and Learning Company.
=710  2\$aSerials Solutions.
=776  08$iPrint version:$tJournal of information technology cases and applications$x1522-8053
=852  41$aBritish Library$bHMNTS$jELD Digital store$3Volume 18:Issue 1(2016)-
=856  \\$31850-9999$uhttp://www.tandfonline.com/$xBLDSS
=856  40$uhttp://www.tandfonline.com/toc/utca20/current
=856  40$uhttp://proquest.umi.com/pqdweb?RQT=318&pmid=53544$zFull text available from ABI/INFORM Complete: 01/01/2005 to present
=856  40$uhttp://gateway.proquest.com/openurl?ctx_ver=Z39.88-2003&res_id=xri:ItemLocation:pqd&rft_valf_mt=ori:fmt:kev:mtx:journal&genre=journal&req_dat=xri:pqil:pq_clntid=17557&res_dat=xri:pqil:res_ver=0.2&svc_id=xri:pqil:context=title&rft_id=xri:pqd:PMID=53544$x51$zClick to start searching via ProQuest
=859  \\$aELD$bejournal
=945  \\$aJournal of information technology case and application research.
=979  \\$aBritish Library$bDSC$j5006.791500N
=985  \\$aISSN record for Print on the Portal, treated as a minor C/T, but Aleph print records done as major C/T from 2005 as DSC stock regarded as title change.
=ACF  \\$aPrevious copyright fee: GBP26.00$c2\0$e15-feb-2016$fGBP26.00$g0$hP$5Uk
=ACF  \\$aPrevious copyright fee: GBP28.00$c2\0$e01-jan-2017$fGBP28.00$g0$hP$5Uk
=ACF  \\$aPrevious copyright fee: GBP30.00$c2\0$e01-jan-2018$fGBP30.00$g0$hP$5Uk
=ACF  \\$aPrevious copyright fee: GBP32.00$c2\0$e01-jan-2019$fGBP32.00$g0$hP$5Uk
=ACF  \\$aPrevious copyright fee: GBP34.00$c2\0$e01-jan-2020$fGBP34.00$g0$hP$5Uk
=CAT  \\$a14448$b40$c20160122$lBLL01$h0710
=CAT  \\$a5552$b40$c20160215$lBLL01$h1314
=CAT  \\$aBLDSS-3PM$b00$c20160225$lBLL01$h1643
=CAT  \\$aBATCH-UPD$b00$c20160413$lBLL01$h1830
=CAT  \\$a8483$b40$c20160610$lBLL01$h1355
=CAT  \\$a8483$b40$c20160610$lBLL01$h1400
=CAT  \\$aBATCH-016$c20160615$lBLL01$h2146
=CAT  \\$aBATCH-MBS$c20160617$lBLL01$h2112
=CAT  \\$aBATCH-UPD$b00$c20161122$lBLL01$h1515
=CAT  \\$aIPL-CLA$c20161231$lBLL01$h0025
=CAT  \\$a5552$b40$c20170420$lBLL01$h0941
=CAT  \\$aBATCH-UPD$b40$c20171121$lBLL01$h1651
=CAT  \\$aW1711-1005$c20171206$lBLL01$h1829
=CAT  \\$aIPL-CLA$c20171231$lBLL01$h1831
=CAT  \\$aBATCH-UPD$b00$c20181217$lBLL01$h1641
=CAT  \\$aIPL-CLA$c20181231$lBLL01$h1555
=CAT  \\$aBATCH-UPD$b00$c20191122$lBLL01$h1903
=CAT  \\$aIPL-CLA$c20191231$lBLL01$h2042
=CAT  \\$aBATCH-UPD$b00$c20201118$lBLL01$h1337
=CAT  \\$aIPL-CLA$c20201231$lBLL01$h1533
=CAT  \\$aBATCH-UPD$b00$c20221121$lBLL01$h1350
=CAT  \\$aIPL-CLA$c20221231$lBLL01$h1454
=CFI  0\$aCurrent copyright fee: GBP37.00$c2\0$e01-jan-2023$fGBP37.00$g0$hP$5Uk
=CFI  2\$aPrevious copyright fee: GBP35.00$c2\0$e01-jan-2021$fGBP35.00$g0$hP$5Uk
=FFP  \\$aY$bBLDSS-3PM
=FIN  \\$aY$d20160610
=FMT  \\$a  SE
=LAS  \\$aIPL-CLA$b00$c20221231$lBLL01$h1454
=LET  \0$aJournal of information technology case and application research (Electronic)
=MNI  \\$a1522-8053
=SID  \\$aZ39$bOCLC
=TOC  \\$aETOC

