=LDR  02416 as a2200505 i 4500
=001  017740448
=003  Uk
=005  20200817151401.0
=006  m\\\\\|\\d\|\\\\\\
=007  cr\|||||||||||
=008  160211d19902019enkbr|p\oa\\\\0\\\a0eng\\
=022  0\$y0957-7505
=040  \\$aUk$beng$cUk$dUk$erda
=042  \\$aukblsr
=082  04$a631.56$223
=245  00$aPostharvest news and information.
=260  \\$aWallingford :$bCAB International Information Services,$c1990-2019.
=310  \\$aBimonthly
=336  \\$atext$2rdacontent
=337  \\$acomputer$2rdamedia
=338  \\$aonline resource$2rdacarrier
=362  1\$aPrint began with: vol. 1, no. 1 (Feb. 1990).
=362  0\$a-Volume 30, Number 6 (2019).
=530  \\$aBibliographic content derived from CAB abstracts is also issued as a fully searchable abstracts database.
=588  \\$aDescription based on print version record.
=588  \\$aLatest issue consulted: volume 27, number 1 (2016).
=650  \0$aCrops$xPostharvest technology$vPeriodicals.
=650  \0$aCrops$xPostharvest technology$vAbstracts$vPeriodicals.
=650  \0$aFood industry and trade$vPeriodicals.
=650  \0$aFood industry and trade$vAbstracts$vPeriodicals.
=710  2\$aC.A.B. International,$eissuing body.
=776  08$iAlso issued in print as:$tPostharvest news and information$x0957-7505
=787  1\$tCAB abstracts
=852  41$aBritish Library$bHMNTS$jELD Digital store$3Volume 27:Number 1(2016)-Volume 30:Number 6(2019)
=856  4\$uhttp://www.cabi.org/publishing-products/online-information-resources/postharvest-news-and-information/$zTo subscribe for online access
=859  \\$aELD$bejournal
=985  \\$aThis record is based on a PDF version of the printed title. Probably not generally available in this format. The publisher's online product is in the form of a database see: http://www.cabi.org/publishing-products/online-information-resources/cab-abstracts-subset-archives/. ISSN not assigned for this PDF version.
=CAT  \\$a11316$b40$c20160211$lBLL01$h1158
=CAT  \\$aW1711-1005$c20171206$lBLL01$h1829
=CAT  \\$a8124$b40$c20200817$lBLL01$h1514
=FIN  \\$aY$d20160211
=FMT  \\$a  SE
=LAS  \\$a8124$b40$c20200817$lBLL01$h1514
=LET  \0$aPostharvest news and information (Electronic)
=LKR  \\$aPAR$b007740171$lBLL01$nPostharvest news and information (Print)$mPostharvest news and information (Online)$r776

