=LDR  03107cas a2200781 i 4500
=001  017742376
=003  Uk
=005  20211231154731.0
=006  m\\\\\|\\d\|\\\\\\
=007  cr\|||||||||||
=008  160213c20159999enkqr\p\o\\\\\0\\\a0eng\\
=015  \\$aGBB790042$2bnb
=022  0\$a2352-9415
=037  \\$aISSN_23529407$bPortico$nElsevier
=040  \\$aUk$beng$cUk$erda
=042  \\$aukblsr
=082  04$a620.1105$223
=222  \0$aApplied materials today$b(Online)
=245  00$aApplied materials today.
=264  \1$a[Kidlington] :$bElsevier,$c[2015]-
=310  \\$aQuarterly
=336  \\$atext$2rdacontent
=337  \\$acomputer$2rdamedia
=338  \\$aonline resource$2rdacarrier
=362  0\$aVolume 1, issue 1 (November 2015)-
=500  \\$aTitle from table of contents page; ScienceDirect, viewed June 5, 2017.
=530  \\$aIssued also in print.
=540  \\$aCurrent copyright fee: GBP34.30$c5\1$5Uk
=588  \\$aLatest issue consulted: volume 7 (June 2017); viewed June 5, 2017.
=650  \0$aMaterials science$vPeriodicals.
=650  \0$aMaterials$xResearch$vPeriodicals.
=852  41$aBritish Library$bHMNTS$jELD Digital store$3Volume 1:Issue 1(2015)-
=856  \\$31850-9999$uhttp://www.sciencedirect.com/$xBLDSS
=856  40$uhttp://www.sciencedirect.com/science/journal/23529407
=859  \\$aELD$bejournal
=945  \\$aApplied materials today
=979  \\$aBritish Library$bDSC$j0696.899280N
=985  \\$aWork record on ISSN portal for print version, ISSN 2352-9407. Please amend MNI and add 766/delete 530 when validated.
=ACF  \\$aPrevious Copyright Fee: GBP22.50$c5\1$e22-sep-2016$fGBP22.50$g0$hP$5Uk
=ACF  \\$aPrevious copyright fee: GBP23.40$c5\1$e01-jan-2018$fGBP23.40$g0$hP$5Uk
=CAT  \\$a14412$b40$c20160213$lBLL01$h0835
=CAT  \\$a14412$b40$c20160213$lBLL01$h0857
=CAT  \\$a14412$b40$c20160213$lBLL01$h1047
=CAT  \\$a5552$b40$c20160922$lBLL01$h0848
=CAT  \\$aBLDSS-3PM$b00$c20160927$lBLL01$h1707
=CAT  \\$aBATCH-UPD$b00$c20160927$lBLL01$h1717
=CAT  \\$a10806$b40$c20170428$lBLL01$h1331
=CAT  \\$a11205$b40$c20170605$lBLL01$h1319
=CAT  \\$a11205$b40$c20170605$lBLL01$h1352
=CAT  \\$aBATCH-UPD$b40$c20171121$lBLL01$h1756
=CAT  \\$aW1711-1005$c20171206$lBLL01$h1829
=CAT  \\$aIPL-CLA$c20171231$lBLL01$h1831
=CAT  \\$aBATCH-UPD$b00$c20190521$lBLL01$h1447
=CAT  \\$aIPL-CLA$c20190630$lBLL01$h1549
=CAT  \\$a12654$b40$c20210805$lBLL01$h0731
=CAT  \\$a12654$b40$c20210805$lBLL01$h0734
=CAT  \\$a5552$b40$c20211027$lBLL01$h0849
=CAT  \\$a5552$b40$c20211027$lBLL01$h0958
=CAT  \\$aBATCH-UPD$b40$c20211119$lBLL01$h1603
=CAT  \\$aIPL-CLA$c20211231$lBLL01$h1547
=CFI  0\$aCurrent copyright fee: GBP34.30$c5\1$e01-jan-2022$fGBP34.30$g0$hP$5Uk
=CFI  2\$aPrevious copyright fee: GBP32.84$c5\1$e01-jul-2019$fGBP32.84$g0$hP$5Uk
=FFP  \\$aY$bBLDSS-3PM
=FIN  \\$aY$d20170605
=FMT  \\$a  SE
=LAS  \\$aIPL-CLA$b00$c20211231$lBLL01$h1547
=LET  \0$aApplied materials today (Electronic)
=MNI  \\$a2352-9407

