=LDR  02099cas a2200469 i 4500
=001  017746684
=003  Uk
=005  20160219091035.0
=006  m\\\\\|\\d\|\\\\\\
=007  cr\|||||||||||
=008  160219c19809999enkqr|p\oaa\\\0\\\a0eng\\
=022  0\$y0143-9014
=040  \\$aUk$beng$cUk$erda
=042  \\$aukblsr
=082  04$a636.4005$223
=245  00$aPig news and information.
=260  \\$aSlough :$bCommonwealth Agricultural Bureaux,$c[1980]-
=264  31$a[Wallingford] :$bCAB International
=310  \\$aQuarterly
=336  \\$atext$2rdacontent
=337  \\$acomputer$2rdamedia
=338  \\$aonline resource$2rdacarrier
=362  1\$aPrint began with: vol.1, no.1 (Mar. 1980).
=530  \\$aAlso issued as a fully searchable abstracts database derived from CAB abstracts.
=588  \\$aDescription based on print version record.
=588  \\$aLatest issue consulted: volume 37, number 1 (2016).
=650  \0$aSwine$xAbstracts$vPeriodicals.
=650  \0$aSwine$vPeriodicals.
=710  2\$aC.A.B. International,$eissuing body.
=776  08$iAlso issued in print as:$tPig news and information$x0143-9014
=787  1\$tCAB abstracts
=852  41$aBritish Library$bHMNTS$jELD Digital store$3Volume 37:Issue 1( 2016)-
=856  4\$uhttp://www.cabi.org/publishing-products/online-information-resources/pig-news-and-information/$zTo subscribe for online access
=859  \\$aELD$bejournal
=985  \\$aThis record is based on a PDF version of the printed title. Probably not generally available in this format. The publisher's online product is in the form of a database see: http://www.cabi.org/publishing-products/online-information-resources/cab-abstracts-subset-archives/. ISSN not assigned for this PDF version.
=CAT  \\$a11316$b40$c20160219$lBLL01$h0910
=CAT  \\$aW1711-1005$c20171206$lBLL01$h1829
=FIN  \\$aY$d20160219
=FMT  \\$a  SE
=LAS  \\$aW1711-1005$b00$c20171206$lBLL01$h1829
=LET  \0$aPig news and information (Electronic)
=LKR  \\$aPAR$b010998030$lBLL01$nPig news and information (Print)$mPig news and information (Online)$r776

