=LDR  02105cas a2200481 i 4500
=001  017746710
=003  Uk
=005  20160219095255.0
=006  m\\\\\|\\d\|\\\\\\
=007  cr\|||||||||||
=008  160219c\\\\9999enkqr|p\oa\\\\0\\\a0eng\\
=022  0\$y0308-7344
=040  \\$aUk$beng$cUk$erda
=042  \\$aukblsr
=082  04$a635.2105$223
=245  00$aPotato abstracts.
=260  \\$aFarnham Royal, Slough :$bCommonwealth Agricultural Bureaux,$c[1976]-
=264  31$a[Wallingford] :$bCAB International
=310  \\$aQuarterly
=321  \\$aMonthly
=336  \\$atext$2rdacontent
=337  \\$acomputer$2rdamedia
=338  \\$aonline resource$2rdacarrier
=362  1\$aPrint began with: vol. 1, nos. 1/3 - ; Mar. 1976.
=530  \\$aAlso issued as a fully searchable abstracts database derived from CAB abstracts.
=588  \\$aDescription based on print version record.
=588  \\$aLatest issue consulted: volume 41, number 1 (2016).
=650  \0$aPotatoes$vAbstracts$vPeriodicals.
=710  2\$aC.A.B. International,$eissuing body.
=776  08$iAlso issued in print as:$tPotato abstracts$x0308-7344
=780  00$tPotato research abstracts
=787  1\$tCAB abstracts
=852  41$aBritish Library$bHMNTS$jELD Digital store$3Volume 41:Issue 1(2016)-
=856  4\$uhttp://www.cabi.org/publishing-products/online-information-resources/potato-abstracts/$zTo subscribe for online access
=859  \\$aELD$bejournal
=985  \\$aThis record is based on a PDF version of the printed title. Probably not generally available in this format. The publisher's online product is in the form of a database see: http://www.cabi.org/publishing-products/online-information-resources/cab-abstracts-subset-archives/. ISSN not assigned for this PDF version.
=CAT  \\$a11316$b40$c20160219$lBLL01$h0952
=CAT  \\$aW1711-1005$c20171206$lBLL01$h1829
=FIN  \\$aY$d20160219
=FMT  \\$a  SE
=LAS  \\$aW1711-1005$b00$c20171206$lBLL01$h1829
=LET  \0$aPotato abstracts (Electronic)
=LKR  \\$aPAR$b007008799$lBLL01$nPotato abstracts (Print)$mPotato abstracts (Online)$r776

