=LDR  01559cas a2200469 i 4500
=001  017746854
=003  Uk
=005  20180410104715.0
=007  ta
=008  160219c20169999nr\fr\p\\\\\\\0\\\a0eng\\
=015  \\$aGBB862527$2bnb
=022  0\$a2397-8538
=040  \\$aUk$beng$cUk$erda
=042  \\$aukblsr
=082  04$a280.096$223
=130  0\$aSpectrum (Mowe, Nigeria)
=222  \0$aSpectrum$b(Mowe)
=245  10$aSpectrum :$bjournal of contemporary Christianity and society.
=246  13$aSJCCS
=264  \1$a[Mowe] :$b[Redeemed Christian Bible College],$c2016-
=300  \\$c24 cm
=310  \\$aSemiannual
=336  \\$atext$2rdacontent
=337  \\$aunmediated$2rdamedia
=338  \\$avolume$2rdacarrier
=362  0\$aVolume 1, no. 1 (April 2016)-
=650  \0$aChristianity$zNigeria$vPeriodicals.
=650  \0$aChristianity$zAfrica$vPeriodicals.
=650  \0$aChurch and the world$vPeriodicals.
=650  \0$aChristian sects$zAfrica$vPeriodicals.
=852  41$aBritish Library$bHMNTS$jZC.9.a.9704$3Vol. 1, no. 1 (Apr. 2016)
=985  \\$aISSN originally assigned by UK then switched to Nigeria by IC (10/04/18)
=CAT  \\$a11315$b40$c20160219$lBLL01$h1327
=CAT  \\$a11313$b40$c20180327$lBLL01$h0831
=CAT  \\$a11313$b40$c20180327$lBLL01$h0832
=CAT  \\$a11313$b40$c20180327$lBLL01$h0915
=CAT  \\$a8323$b40$c20180404$lBLL01$h0828
=CAT  \\$a8871$b40$c20180404$lBLL01$h1538
=CAT  \\$a10806$b40$c20180410$lBLL01$h1047
=FIN  \\$aY$d20180327
=FMT  \\$a  SE
=LAS  \\$a10806$b40$c20180410$lBLL01$h1047

