=LDR  02033cas a2200565 i 4500
=001  017748215
=003  Uk
=005  20161006090024.0
=006  m\\\\\|\\d\|\\\\\\
=007  cr\|||||||||||
=008  160223c20169999enkqr\p\o\\\\\0\\\a0eng\\
=015  \\$aGBB666022$2bnb
=022  \\$a2374-6149
=037  \\$aISSN_23746149_21$bPortico$nTaylor & Francis
=040  \\$aUk$beng$cUk$erda
=042  \\$aukblsr
=082  04$a530.05$223
=245  00$aAdvances in physics: X.
=264  \1$a[Abingdon, Oxfordshire] :$bTaylor & Francis,$c2016-
=310  \\$aFour times a year
=336  \\$atext$2rdacontent
=337  \\$acomputer$2rdamedia
=338  \\$aonline resource$2rdacarrier
=362  0\$aVolume 1, issue 1 (2016)-
=500  \\$aTitle from PDF editorial (Taylor & Francis Online, viewed May 12, 2016).
=540  \\$aCurrent copyright fee: zero$c2\0$5Uk
=650  \0$aPhysics$vPeriodicals.
=852  41$aBritish Library$bHMNTS$jELD Digital store$3Volume 1:Issue 1(2016)-
=856  40$31850-9999$uhttp://www.tandfonline.com/$xBLDSS
=856  40$uhttp://www.tandfonline.com/toc/tapx20/current
=859  \\$aELD$bejournal
=945  \\$aAdvances in physics X.
=979  \\$aBritish Library$bDSC$j0710.010000N
=985  \\$aU.S. ISSN Center not yet completed ISSN record - please add 222 when confirmed (Richard, 12/05/16)
=CAT  \\$a14412$b40$c20160223$lBLL01$h1053
=CAT  \\$a5552$b40$c20160304$lBLL01$h0902
=CAT  \\$aBLDSS-3PM$b00$c20160308$lBLL01$h0937
=CAT  \\$aBATCH-UPD$b00$c20160413$lBLL01$h1830
=CAT  \\$a10806$b40$c20160512$lBLL01$h1303
=CAT  \\$a10806$b40$c20160512$lBLL01$h1304
=CAT  \\$aBATCH-UPD$b40$c20160808$lBLL01$h1440
=CAT  \\$a5552$b40$c20161006$lBLL01$h0900
=CAT  \\$aW1711-1005$c20171206$lBLL01$h1829
=CFI  0\$aCurrent copyright fee: zero$c2\0$e04-mar-2016$fGBP0.00$g0$hP$5Uk
=FFP  \\$aY$bBLDSS-3PM
=FIN  \\$aY$d20160512
=FMT  \\$a  SE
=LAS  \\$aW1711-1005$b00$c20171206$lBLL01$h1829
=MNI  \\$a2374-6149
=TOC  \\$aETOC

