=LDR  03313 as a2200697 a 4500
=001  017753881
=003  Uk
=005  20161115175409.0
=006  m\\\\\\\\e\\\\\\\\
=007  co||||||||||||
=008  961219d19952009gw\br\\\qb\\\\0\\\b0ger\d
=022  0\$a1613-6861
=035  \\$a(OCoLC)639923012
=040  \\$aUWW$beng$cUWW$dOCLCQ$dOCLCF$dOCLCO$dUk
=042  \\$aukblsr
=043  \\$ae-gx---
=050  14$aZ2221$b.D472x
=082  04$a015.43$223
=222  \0$aDeutsche Nationalbibliographie aktuell
=245  00$aDeutsche Nationalbibliographie aktuell$h[electronic resource] /$cDie Deutsche Bibliothek.
=246  3\$aDeutsche National Bibliographie aktuell
=246  13$aDB-CD aktuell
=246  13$aDeutsche Bibliographie on CD-ROM
=246  13$aDNB
=246  13$aDeutsche NationalBibliographie CD-ROM
=260  \\$aFrankfurt am Main :$bBuchhändler-Vereinigung
=300  \\$aCD-ROMs ;$c4 3/4 in +$euser manual.
=310  \\$aSix times a year
=336  \\$atext$2rdacontent
=337  \\$acomputer$2rdamedia
=338  \\$acomputer disc$2rdacarrier
=500  \\$aAccompanied by: Benutzer Dokumentation = user manual.
=538  \\$aSystem requirements for Internet access: World Wide Web browser and Adobe Acrobat reader. Mode of access: World Wide Web.
=538  \\$aSystem requirements: IBM PC, XT, AT, or compatible or IBM PS/2 model 30; 640K RAM minimum; MS-DOS 3.0 or higher; hard disk and 2 diskette drives; CD-ROM drive; Microsoft Extensions; monochrome or color monitor; printer advisable.
=546  \\$aText of manual in German.
=580  \\$aContains records of all imprints listed in the printed vols. of the Deutsche Nationalbibliographie from 1986-
=580  \\$aIn 2010 continued online only as: Deutsche NationalBibliographie, Series A, B, C, H, M, O & T.
=588  \\$aDescription based on: Ausg. Juni 1996; title from disc label.
=588  \\$aLatest issue consulted: Ausg. Juni 1998 = Jahrgang 1993.
=650  \0$aGerman imprints$vDatabases.
=650  \0$aGerman literature$xBibliography$vDatabases.
=650  \0$aDissertations, Academic$zGermany$vBibliography.
=650  \7$aGerman imprints.$2fast$0(OCoLC)fst00941402
=650  \7$aGerman literature.$2fast$0(OCoLC)fst00941797
=650  \7$aDissertations, Academic.$2fast$0(OCoLC)fst00895423
=651  \7$aGermany.$2fast$0(OCoLC)fst01210272
=655  \7$aBibliography.$2fast$0(OCoLC)fst01423717
=655  \7$aDatabases.$2fast$0(OCoLC)fst01411643
=710  2\$aDeutsche Bibliothek (Frankfurt am Main, Germany)
=780  00$tDeutsche Nationalbibliographie (CD-ROM)$x1613-6780
=852  41$aBritish Library$bHMNTS$jEF.9.x.436$3Accompanying electronic media
=985  \\$aISSN has this as a closed record- 1995-2009; no later title given; info on DB page at: http://www.dnb.de/EN/Service/DigitaleDienste/DNBBibliografie/dnbbibliografie_node.html and: http://www.dnb.de/EN/Service/DigitaleDienste/DNBBibliografie/abloesungDruckBibliografie.html
=CAT  \\$a3563$b40$c20160229$lBLL01$h1457
=CAT  \\$a3563$b40$c20160301$lBLL01$h1527
=CAT  \\$a3072$b40$c20161115$lBLL01$h1740
=CAT  \\$a3072$b40$c20161115$lBLL01$h1750
=CAT  \\$a3072$b40$c20161115$lBLL01$h1754
=FIN  \\$aY$d20161115
=FMT  \\$a  SE
=LAS  \\$a3072$b40$c20161115$lBLL01$h1754
=SID  \\$aZ39$bOCLC

