=LDR  01097cas a22003375i 4500
=001  017754572
=003  Uk
=005  20220914123412.0
=006  m\\\\\|\\d\|\\\\\\
=007  cr\|||||||||||
=008  160301d\\\\2015\\\\\\p\o\\\\\0\\\a0eng\\
=022  \\$a2381-6635
=037  \\$a???$bSage (UK) Ltd
=245  00$aChildhood obesity and nutrition
=264  \1$bSage (UK) Ltd
=336  \\$atext$2rdacontent
=337  \\$acomputer$2rdamedia
=338  \\$aonline resource$2rdacarrier
=852  41$aBritish Library$bHMNTS$jELD Digital store$3Content not received
=859  \\$aELD$bejournal
=985  \\$aTitle never published - confirmation from SAGE via U.S. ISSN Center (09/10/17)
=CAT  \\$a14448$b40$c20160301$lBLL01$h1048
=CAT  \\$a10983$b40$c20160426$lBLL01$h1518
=CAT  \\$a10983$b40$c20160727$lBLL01$h1330
=CAT  \\$a10806$b40$c20170920$lBLL01$h1332
=CAT  \\$a10806$b40$c20171009$lBLL01$h1020
=CAT  \\$aW1711-1005$c20171206$lBLL01$h1829
=CAT  \\$a6490$b40$c20220914$lBLL01$h1234
=FMT  \\$a  SE
=LAS  \\$a6490$b40$c20220914$lBLL01$h1234
=MNI  \\$a2469-3006

