=LDR  03060cas a2200769 i 4500
=001  017757363
=003  Uk
=005  20230307122714.0
=006  m\\\\\|\\d\|\\\\\\
=007  cr\|||||||||||
=008  160302c19889999pauqr\p\o\\\\\0\\\a0eng\\
=015  \\$aGBB668188$2bnb
=022  \\$a2381-2427
=037  \\$aISSN_21683808$bPortico$nLippincott Williams & Wilkins
=040  \\$aUk$beng$cUk$erda
=042  \\$aukblsr
=082  04$a616.99406$223
=245  00$aRehabilitation oncology.
=264  \1$a[Philadelphia?] :$b[Lippincott Williams & Wilkins]
=310  \\$aQuarterly
=336  \\$atext$2rdacontent
=337  \\$acomputer$2rdamedia
=338  \\$aonline resource$2rdacarrier
=362  0\$aVolume 6, issue 1 (spring 1988)-
=500  \\$aTitle from journal homepage (LWW website, viewed May 19, 2016).
=540  \\$aCurrent copyright fee: GBP32.00$c20\0$5Uk
=588  \\$aLatest issue consulted: volume 34, issue 2 (April 2016).
=650  \0$aCancer$xPatients$xRehabilitation$vPeriodicals.
=650  \0$aCancer$xNursing$vPeriodicals.
=710  2\$aAmerican Physical Therapy Association.$bOncology Section,$eissuing body.
=776  08$iAlso issued in print as:$tRehabilitation oncology$x2168-3808
=852  41$aBritish Library$bHMNTS$jELD Digital store$3Volume 33:Issue 1(2016)-
=852  \\$aBritish Library$bDSC$j7350.289000$3Volume 40:Issue 2(2022)-
=856  40$31850-9999$uhttp://journals.lww.com/pages/default.aspx$xBLDSS
=856  40$uhttp://journals.lww.com/rehabonc/pages/default.aspx
=859  \\$aELD$bejournal
=945  \\$aRehabilitation oncology.
=985  \\$aISSN 2381-2427 not yet completed (U.S.) - add 222 when confirmed (Richard (Leeds))
=CAT  \\$a14448$b40$c20160302$lBLL01$h1137
=CAT  \\$a5552$b40$c20160311$lBLL01$h1356
=CAT  \\$aBLDSS-3PM$b00$c20160317$lBLL01$h1142
=CAT  \\$aIPL-CLA$c20160331$lBLL01$h1821
=CAT  \\$aBATCH-UPD$b00$c20160413$lBLL01$h1830
=CAT  \\$a10806$b40$c20160519$lBLL01$h1205
=CAT  \\$a10806$b40$c20160519$lBLL01$h1207
=CAT  \\$a10806$b40$c20160519$lBLL01$h1314
=CAT  \\$aBATCH-UPD$b40$c20170102$lBLL01$h0241
=CAT  \\$aBATCH-UPD$b40$c20170127$lBLL01$h1632
=CAT  \\$aW1711-1005$c20171206$lBLL01$h1829
=CAT  \\$a5410$b40$c20230120$lBLL01$h0816
=CAT  \\$a5410$b40$c20230123$lBLL01$h0902
=CAT  \\$a5410$b40$c20230130$lBLL01$h1011
=CAT  \\$a5410$b40$c20230212$lBLL01$h1134
=CAT  \\$a5410$b40$c20230212$lBLL01$h1135
=CAT  \\$a8055$b40$c20230307$lBLL01$h1227
=CFI  0\$aCurrent copyright fee: GBP32.00$c20\0$e01-apr-2016$fGBP32.00$g0$hP$5Uk
=CFI  2\$aPrevious copyright fee: GBP30.32$c20\0$e09-feb-2016$fGBP30.32$g0$hP$5Uk
=EST  \\$a1
=FFP  \\$aY$bBLDSS-3PM
=FIN  \\$aY$d20160519
=FMT  \\$a  SE
=LAS  \\$a8055$b40$c20230307$lBLL01$h1227
=LET  \0$aRehabilitation oncology (Electronic)
=LKR  \\$aPAR$b008558941$lBLL01$r776$mRehabilitation oncology (Online)$nRehabilitation oncology (Print)
=MNI  \\$a2168-3808
=TOC  \\$aETOC
=UNO  \\$aY

