=LDR  03489cas a2200865 i 4500
=001  017759714
=003  Uk
=005  20230418215429.0
=006  m\\\\\o\\d\\\\\\\\
=007  cr\|||||||||||
=008  160714c20169999gw\mr\p\o\\\\\0\\\a0eng\d
=015  \\$aGBB706748$2bnb
=022  \\$y2365-709X
=035  \\$a(OCoLC)953591410
=037  \\$aISSN_2365709X$bPortico$nWiley
=040  \\$aCUS$beng$cCUS$dOCLCO$dOCLCF$dOCLCO$dUk$erda$epn
=042  \\$aukblsr
=050  \4$aTA401
=082  04$a620.1105$223
=245  00$aAdvanced materials technologies.
=264  \1$aWeinheim, Germany :$bWiley-VCH,$c2016-
=300  \\$billustrations (colour)
=310  \\$aMonthly
=336  \\$atext$2rdacontent
=337  \\$acomputer$2rdamedia
=338  \\$aonline resource$2rdacarrier
=362  1\$aBegan with Volume 1, issue 1 (April 2016).
=540  \\$aCurrent copyright fee: GBP46.00$c35\0$5Uk
=588  \\$aDescription based on: Volume 1, issue 1 (April 2016); title from PDF cover (Wiley Online Library, viewed July 14, 2016).
=588  \\$aLatest issue consulted: Vol. 2, no. 1 (January 2017) (Wiley Online Library, viewed July 14, 2016).
=650  \0$aMaterials science$vPeriodicals.
=650  \0$aTechnological innovations$vPeriodicals.
=650  \7$aMaterials science.$2fast$0(OCoLC)fst01011957
=650  \7$aTechnological innovations.$2fast$0(OCoLC)fst01145002
=655  \7$aPeriodicals.$2fast$0(OCoLC)fst01411641
=852  41$aBritish Library$bHMNTS$jELD Digital store$3Volume 1:Issue 1(2016)-
=852  \\$aBritish Library$bDSC$j0696.899900$3Volume 1:Issue 1(2016)-Volume 3:Issue 3(2018)***See ESTAR for full holdings.
=856  \\$31850-9999$uhttp://onlinelibrary.wiley.com/$xBLDSS
=856  40$uhttp://onlinelibrary.wiley.com/journal/10.1002/(ISSN)2365-709X
=859  \\$aELD$bejournal
=945  \\$aAdvanced materials technologies.
=959  \\$fHeld but not currently received
=979  \\$aBritish Library$bDSC$j0696.899900
=985  \\$awork issn 16/1/17 - no 210, 222 added.
=ACF  \\$aPrevious copyright fee: GBP24.00$c35\0$e04-mar-2016$fGBP24.00$g0$hP$5Uk
=ACF  \\$aPrevious copyright fee: GBP45.00$c35\0$e01-jan-2019$fGBP45.00$g0$hP$5Uk
=CAT  \\$a12654$b40$c20160304$lBLL01$h1108
=CAT  \\$aBLDSS-3PM$b00$c20160308$lBLL01$h0937
=CAT  \\$a5552$b40$c20160308$lBLL01$h1212
=CAT  \\$aBATCH-UPD$b40$c20160705$lBLL01$h1157
=CAT  \\$a10983$b40$c20170114$lBLL01$h0726
=CAT  \\$a3072$b40$c20170116$lBLL01$h1342
=CAT  \\$aW1711-1005$c20171206$lBLL01$h1829
=CAT  \\$aBATCH-UPD$b00$c20180219$lBLL01$h1757
=CAT  \\$aW1805-0471$c20180520$lBLL01$h1140
=CAT  \\$a5552$b40$c20181102$lBLL01$h1140
=CAT  \\$aIPL-CLA$c20181231$lBLL01$h1555
=CAT  \\$aR1911-0245$c20191127$lBLL01$h0944
=CAT  \\$aR1911-0245$c20191127$lBLL01$h1045
=CAT  \\$aIPL-CLA$c20191231$lBLL01$h2042
=CAT  \\$aW2111-0842$c20211209$lBLL01$h1035
=CAT  \\$aIPL-CLA$c20211231$lBLL01$h1547
=CAT  \\$a5410$b40$c20230418$lBLL01$h2154
=CFI  0\$aCurrent copyright fee: GBP46.00$c35\0$e01-jan-2022$fGBP46.00$g0$hP$5Uk
=CFI  2\$aPrevious Copyright Fee: GBP39.00$c35\0$e01-jan-2020$fGBP39.00$g0$hP$5Uk
=EST  \\$a1
=FFP  \\$aY$bBLDSS-3PM
=FIN  \\$aY$d20170116
=FMT  \\$a  SE
=LAS  \\$a5410$b40$c20230418$lBLL01$h2154
=LET  \0$aAdvanced materials technologies (Electronic)
=MNI  \\$a2365-709X
=SID  \\$aZ39$bOCLC
=TOC  \\$aETOC
=UNO  \\$aY

