=LDR  01820 as a2200469 i 4500
=001  017770496
=003  Uk
=005  20160407081524.0
=007  ta
=008  160310c19uu9999caumr\p\\\\\\\0\\\b0spa\\
=022  \\$y0731-0323
=040  \\$aUk$beng$cUk$erda
=041  \\$aspa$aeng
=042  \\$aukblsr
=082  04$a331.8813097305$223
=130  0\$aMalcriado (Edición bilingüe)
=245  13$aEl malcriado.
=250  \\$aEdición bilingüe.
=264  \1$aLa Paz, Keene, CA :$bUnited Farmworkers of America
=300  \\$billustrations (black and white, and colour) ;$c21 cm
=310  \\$aMonthly
=336  \\$atext$2rdacontent
=337  \\$aunmediated$2rdamedia
=338  \\$avolume$2rdacarrier
=500  \\$aRevista de la Union de Campesinos de América.
=546  \\$aIn Spanish and English.
=588  \\$aDescription based on: volumen 25, número 9, Diciembre 1987.
=650  \0$aAgricultural laborers$xLabor unions$zUnited States$vPeriodicals.
=650  \0$aMigrant agricultural laborers$xLabor unions$zUnited States$vPeriodicals.
=690  7\$aManagement and Business Studies$2blcoll
=710  2\$aUnited Farm Workers of America,$eissuing body.
=775  0\$aMalcriado (English edition)$x0025-1356
=852  41$aBritish Library$bHMNTS$jZF.9.a.11004$3Vol. 25, no. 9 (Dec. 1987)
=985  \\$aISSN is for Spanish edition. May continue Spanish ed or be a merger of Spanish & English eds but cannot confirm
=CAT  \\$a8157$b40$c20160310$lBLL01$h1240
=CAT  \\$a8124$b40$c20160405$lBLL01$h1356
=CAT  \\$a8124$b40$c20160407$lBLL01$h0815
=CAT  \\$aBATCH-MBS$c20160415$lBLL01$h2116
=FIN  \\$aY$d20160405
=FMT  \\$a  SE
=LAS  \\$aBATCH-MBS$b00$c20160415$lBLL01$h2116
=LKR  \\$aPAR$b016231372$lBLL01$nMalcriado (English edition)$mMalcriado (Edición bilingüe)$r775

