=LDR  03107cas a2200757 i 4500
=001  017775549
=003  Uk
=005  20221231145410.0
=007  ta
=008  160318c20169999at\qr\p\\\\\\\0\\\a0eng\\
=022  0\$a2207-4694
=040  \\$aUk$beng$cUk$erda
=042  \\$aukblsr
=082  04$a628.160994$223
=130  0\$aCurrent (Sydney, N.S.W.)
=222  \0$aCurrent$b(Balmain, N.S.W.)
=245  10$aCurrent :$bthe Australian Water Association magazine.
=264  \1$aSydney, NSW :$bMedia Mahlab,$c2016-
=300  \\$billustrations (colour), maps (colour) ;$c30 cm
=310  \\$aQuarterly
=336  \\$atext$2rdacontent
=337  \\$aunmediated$2rdamedia
=338  \\$avolume$2rdacarrier
=362  0\$aVolume 1, no 1-
=530  \\$aAlso available online.
=540  \\$aCurrent Copyright Fee: GBP25.00$c0$5Uk
=610  20$aAustralian Water Association$vPeriodicals.
=650  \0$aWater quality management$zAustralia$vPeriodicals.
=650  \0$aWater-supply$zAustralia$vPeriodicals.
=710  2\$aAustralian Water Association,$eissuing body.
=780  00$tWater (Melbourne, Vic.)$x0310-0367
=852  \\$aBritish Library$bDSC$j3494.302000$3Vol. 1 (2016)-
=945  \\$aCurrent- Australian Water Association
=959  \\$aCurrently received
=985  \\$aWaiting for confirmation of ISSN 2207-4694 in Portal - need to let ETOC know when record appears in Portal (Richard, 06/03/17)
=ACF  \\$aPrevious Copyright Fee: GBP12.30$c0$e30-mar-2016$fGBP12.30$g0$hA$5Uk
=ACF  \\$aPrevious Copyright Fee: GBP15.00$c0$e01-jan-2017$fGBP15.00$g0$hA$5Uk
=ACF  \\$aPrevious Copyright Fee: GBP17.50$c0$e01-jan-2018$fGBP17.50$g0$hA$5Uk
=ACF  \\$aPrevious Copyright Fee: GBP20.00$c0$e01-jan-2020$fGBP20.00$g0$hA$5Uk
=CAT  \\$a8323$b40$c20160318$lBLL01$h1355
=CAT  \\$a8439$b40$c20160330$lBLL01$h1223
=CAT  \\$a5410$b40$c20160506$lBLL01$h1004
=CAT  \\$aBATCH-CLA$b00$c20161222$lBLL01$h1840
=CAT  \\$aIPL-CLA$c20161231$lBLL01$h0025
=CAT  \\$a5410$b40$c20170227$lBLL01$h1350
=CAT  \\$a5410$b40$c20170227$lBLL01$h1352
=CAT  \\$a10806$b40$c20170306$lBLL01$h0926
=CAT  \\$a10806$b40$c20170515$lBLL01$h1524
=CAT  \\$a5410$b40$c20170602$lBLL01$h1056
=CAT  \\$a5410$b40$c20170613$lBLL01$h1311
=CAT  \\$aBATCH-CLA$b00$c20171222$lBLL01$h2220
=CAT  \\$aIPL-CLA$c20171231$lBLL01$h1831
=CAT  \\$aBATCH-CLA$b00$c20191219$lBLL01$h1803
=CAT  \\$aIPL-CLA$c20191231$lBLL01$h2042
=CAT  \\$aR2001-1524$c20200127$lBLL01$h2107
=CAT  \\$aBATCH-CLA$b00$c20201204$lBLL01$h1615
=CAT  \\$aIPL-CLA$c20201231$lBLL01$h1533
=CAT  \\$aBATCH-CLA$b00$c20221221$lBLL01$h1932
=CAT  \\$aIPL-CLA$c20221231$lBLL01$h1454
=CFI  0\$aCurrent Copyright Fee: GBP25.00$c0$e01-jan-2023$fGBP25.00$g0$hA$5Uk
=CFI  2\$aPrevious Copyright Fee: GBP22.50$c0$e01-jan-2021$fGBP22.50$g0$hA$5Uk
=FIN  \\$aY$d20160318
=FMT  \\$a  SE
=LAS  \\$aIPL-CLA$b00$c20221231$lBLL01$h1454
=LKR  \\$aPAR$b011774865$lBLL01$nWater$mCurrent : the Australian Water Association magazine$r78000
=TOC  \\$aETOC

