=LDR  03186cas a2200709 i 4500
=001  017776284
=003  Uk
=005  20221231233717.0
=007  ta
=008  160321c20149999pauar\p\\\\\\\0\\\a0eng\\
=015  \\$aGBB640261$2bnb
=022  0\$a2332-4309
=040  \\$aUk$beng$cUk$erda
=042  \\$aukblsr
=082  04$a530.138$223
=245  00$aJournal of computational and theoretical transport.
=246  13$aJCTT
=264  \1$aPhiladelphia, PA :$bTaylor & Francis Group, LLC,$c2014-
=300  \\$billustrations (black and white) ;$c26 cm
=310  \\$aAnnual
=336  \\$atext$2rdacontent
=337  \\$aunmediated$2rdamedia
=338  \\$avolume$2rdacarrier
=362  0\$aVolume 43, numbers 1-7 (2014)-
=540  \\$aCurrent copyright fee: GBP43.00$c2\0$5Uk
=588  \\$aLatest issue consulted: Volume 44, numbers 1-7 (2015).
=650  \0$aTransport theory$vPeriodicals.
=650  \0$aStatistical physics$vPeriodicals.
=776  08$iAlso issued online as:$tJournal of computational and theoretical transport$x2332-4325
=780  00$tTransport theory and statistical physics$x0041-1450
=852  41$aBritish Library$bHMNTS$jZC.9.b.10204$3Vol. 43, no.1/7 (2014)-v. 44, no. 1/7 (2015)
=856  \\$31850-9999$uhttp://www.tandfonline.com/$xBLDSS
=945  \\$aJournal of computational and theoretical transport.
=979  \\$aBritish Library$bDSC$j4963.453500N
=985  \\$aWork record only on ISSN Portal. Please add key title when validated.
=ACF  \\$aPrevious copyright fee: GBP33.00$c2\0$e24-apr-2017$fGBP33.00$g0$hP$5Uk
=ACF  \\$aPrevious copyright fee: GBP35.00$c2\0$e01-jan-2018$fGBP35.00$g0$hP$5Uk
=ACF  \\$aPrevious copyright fee: GBP37.00$c2\0$e01-jan-2019$fGBP37.00$g0$hP$5Uk
=ACF  \\$aPrevious copyright fee: GBP39.00$c2\0$e01-jan-2020$fGBP39.00$g0$hP$5Uk
=CAT  \\$a11205$b40$c20160321$lBLL01$h1429
=CAT  \\$a5552$b40$c20170424$lBLL01$h1055
=CAT  \\$aBLDSS-3PM$b00$c20170502$lBLL01$h1430
=CAT  \\$aBATCH-UPD$b00$c20170502$lBLL01$h1431
=CAT  \\$aBATCH-UPD$b00$c20171121$lBLL01$h1657
=CAT  \\$aIPL-CLA$c20171231$lBLL01$h1831
=CAT  \\$aBATCH-UPD$b00$c20181217$lBLL01$h1646
=CAT  \\$aIPL-CLA$c20181231$lBLL01$h1555
=CAT  \\$aBATCH-UPD$b00$c20191122$lBLL01$h1908
=CAT  \\$aIPL-CLA$c20191231$lBLL01$h2042
=CAT  \\$aBATCH-UPD$b00$c20201118$lBLL01$h1342
=CAT  \\$aIPL-CLA$c20201231$lBLL01$h2346
=CAT  \\$aBATCH-UPD$b00$c20221121$lBLL01$h1341
=CAT  \\$aIPL-CLA$c20221231$lBLL01$h2337
=CFI  0\$aCurrent copyright fee: GBP43.00$c2\0$e01-jan-2023$fGBP43.00$g0$hP$5Uk
=CFI  2\$aPrevious copyright fee: GBP41.00$c2\0$e01-jan-2021$fGBP41.00$g0$hP$5Uk
=FFP  \\$aY$bBLDSS-3PM
=FIN  \\$aY$d20160321
=FMT  \\$a  SE
=LAS  \\$aIPL-CLA$b00$c20221231$lBLL01$h2337
=LET  \0$aJournal of computational and theoretical transport (Print)
=LKR  \\$aPAR$b017671699$lBLL01$nJournal of computational and theoretical transport (Online)$mJournal of computational and theoretical transport (Print)$r776
=LKR  \\$aPAR$b011142146$lBLL01$nTransport theory and statistical physics$mJournal of computational and theoretical transport$r78000

