=LDR  03181cas a2200769 i 4500
=001  017776556
=003  Uk
=005  20230510142727.0
=007  ta
=008  160322c20169999at\br\p\\\\\\\0\\\a0eng\\
=040  \\$aUk$beng$cUk$erda
=042  \\$aukblsr
=082  04$a664.099405$223
=245  00$aFood & beverage industry news.
=264  \1$aChatswood, (N.S.W) :$bPrime Creative Media,$c2016-
=300  \\$billustrations (colour) ;$c30 cm
=310  \\$aBimonthly
=336  \\$atext$2rdacontent
=337  \\$aunmediated$2rdamedia
=338  \\$avolume$2rdacarrier
=362  1\$aBegan with Feb./Mar. 2016.
=540  \\$aCurrent Copyright Fee: GBP25.00$c0$5Uk
=588  \\$aDescription based on : April/May 2016.
=588  \\$aLatest issue consulted: June/July 2016.
=650  \0$aFood industry and trade$zAustralia$vPeriodicals.
=650  \0$aFood$xPackaging$zAustralia$vPeriodicals.
=650  \0$aBeverage industry and trade$zAustralia$vPeriodicals.
=780  00$tFood magazine (Chatswood, N.S.W.)$x2202-0268
=852  \\$aBritish Library$bDSC$j3977.026795$3Feb./Mar. (2016)-
=945  \\$aFood & beverage industry news
=959  \\$fCurrently received
=979  \\$aBritish Library$bDSC
=985  \\$aISSN Australia considering ISSN assignment to this title (email received 02/03/17)
=ACF  \\$aPrevious copyright fee: GBP12.30$c0$e29-jul-2016$fGBP12.30$g0$hA$5Uk
=ACF  \\$aPrevious Copyright Fee: GBP15.00$c0$e01-jan-2017$fGBP15.00$g0$hA$5Uk
=ACF  \\$aPrevious Copyright Fee: GBP17.50$c0$e01-jan-2018$fGBP17.50$g0$hA$5Uk
=ACF  \\$aPrevious Copyright Fee: GBP20.00$c0$e01-jan-2020$fGBP20.00$g0$hA$5Uk
=CAT  \\$a8055$b40$c20160322$lBLL01$h1348
=CAT  \\$a5918$b40$c20160408$lBLL01$h1426
=CAT  \\$a5110$b40$c20160729$lBLL01$h1048
=CAT  \\$a8439$b40$c20160729$lBLL01$h1209
=CAT  \\$a8439$b40$c20160729$lBLL01$h1213
=CAT  \\$a5410$b40$c20160729$lBLL01$h1542
=CAT  \\$aBATCH-CLA$b00$c20161222$lBLL01$h1840
=CAT  \\$aIPL-CLA$c20161231$lBLL01$h0025
=CAT  \\$a10806$b40$c20170306$lBLL01$h0920
=CAT  \\$a10806$b40$c20170306$lBLL01$h0922
=CAT  \\$aBATCH-CLA$b00$c20171222$lBLL01$h2220
=CAT  \\$aIPL-CLA$c20171231$lBLL01$h1831
=CAT  \\$aBATCH-CLA$b00$c20191219$lBLL01$h1803
=CAT  \\$aIPL-CLA$c20191231$lBLL01$h2042
=CAT  \\$aR2001-1524$c20200127$lBLL01$h2107
=CAT  \\$aBATCH-CLA$b00$c20201204$lBLL01$h1615
=CAT  \\$aIPL-CLA$c20201231$lBLL01$h2346
=CAT  \\$a5410$b40$c20210728$lBLL01$h1517
=CAT  \\$a5410$b40$c20210728$lBLL01$h1519
=CAT  \\$aBATCH-CLA$b00$c20221221$lBLL01$h1932
=CAT  \\$aIPL-CLA$c20221231$lBLL01$h2337
=CAT  \\$a5410$b40$c20230510$lBLL01$h1421
=CAT  \\$a5410$b40$c20230510$lBLL01$h1424
=CAT  \\$a5410$b40$c20230510$lBLL01$h1427
=CFI  0\$aCurrent Copyright Fee: GBP25.00$c0$e01-jan-2023$fGBP25.00$g0$hA$5Uk
=CFI  2\$aPrevious Copyright Fee: GBP22.50$c0$e01-jan-2021$fGBP22.50$g0$hA$5Uk
=FIN  \\$aY$d20160729
=FMT  \\$a  SE
=LAS  \\$a5410$b40$c20230510$lBLL01$h1427
=LKR  \\$aPAR$b013252760$lBLL01$nFood magazine (Chatswood, N.S.W.)$mFood & beverage industry news.$r78000

