=LDR  02590cas a2200649 i 4500
=001  017780296
=003  Uk
=005  20160323161553.0
=006  m\\\\\o\\d\\\\\\\\
=007  cr\un|||||||||
=008  050614c19899999enkmr\pso\a\\\0\\\a0eng\d
=022  0\$y0954-9897
=035  \\$a(OCoLC)60616738
=040  \\$aOCLCS$beng$cOCLCS$dOCLCQ$dOCLCF$dOCLCO$dOCLCQ$dUk
=042  \\$aukblsr
=050  \4$aS494.5.B563$bA36
=060  \4$aW1$bAG19
=082  04$a630$223
=130  0\$aAgBiotech news and information (Online)
=222  \0$aAgBiotech news and information$b(Online)
=245  10$aAgBiotech news and information$h[electronic resource].
=260  \\$aWallingford, Oxon, UK :$bC.A.B. International
=310  \\$aMonthly
=321  \\$aBimonthly
=336  \\$atext$2rdacontent
=337  \\$acomputer$2rdamedia
=338  \\$aonline resource$2rdacarrier
=362  1\$aPrint began with v. 1, no. 1 (Feb. 1989).
=500  \\$a"A monthly journal with news, reviews and abstracts compiled from the CAB abstracts database."
=530  \\$aAlso issued in print.
=538  \\$aMode of access: World Wide Web.
=588  0\$aDescription based on print version record.
=650  \0$aAgricultural biotechnology$vPeriodicals.
=650  \0$aAgricultural biotechnology$vAbstracts$vPeriodicals.
=650  \2$aAgriculture$xmethods.
=650  \2$aBiotechnology.
=650  \7$aAgricultural biotechnology.$2fast$0(OCoLC)fst00800502
=655  \2$aAbstracts.
=655  \2$aPeriodicals.
=655  \7$aAbstracts.$2fast$0(OCoLC)fst01423683
=655  \7$aPeriodicals.$2fast$0(OCoLC)fst01411641
=710  2\$aC.A.B. International,$eissuing body.
=730  0\$aCAB abstracts.
=776  1\$tAgBiotech news and information$x0954-9897
=852  41$aBritish Library$bHMNTS$jELD Digital store$3Volume 28:Number 1(2016)-
=856  4\$uhttp://www.cabi.org/publishing-products/online-information-resources/agbiotech-news-and-information$zTo subscribe
=856  40$uhttp://www.agbiotechnet.com/
=859  \\$aELD$bejournal
=985  \\$aThis record is based on a PDF version of the printed title. Probably not generally available in this format. ISSN not assigned for this PDF version.
=CAT  \\$a3072$b40$c20160323$lBLL01$h1615
=CAT  \\$aW1711-1005$c20171206$lBLL01$h1829
=FIN  \\$aY$d20160323
=FMT  \\$a  SE
=LAS  \\$aW1711-1005$b00$c20171206$lBLL01$h1829
=LET  \0$aAgBiotech news and information (Electronic)
=LKR  \\$aPAR$b007739444$lBLL01$nAgBiotech news and information (Online)$mAgBiotech news and information (Print)$r776
=SID  \\$aZ39$bOCLC

