=LDR  03092cas a2200637 a 4500
=001  017783180
=003  Uk
=005  20160330162319.0
=006  m\\\\\o\\d\\\\\\\\
=007  cr\|||||||||||
=008  111127c19769999enkbr\\\oba\\\0\\\a0eng\d
=035  \\$a(OCoLC)763488856$z(OCoLC)61313242
=040  \\$aOCLCE$beng$cOCLCE$dOCLCS$dOCLCQ$dOCLCO$dOCLCQ$dOCLCA$dOCLCF$dUk
=042  \\$aukblsr
=050  \4$aZ5074.E6$bA36$aS675
=070  1\$aZ5074.E6A3
=082  04$a630$223
=245  00$aAgricultural engineering abstracts$h[electronic resource] /$cCommonwealth Agricultural Bureaux.
=260  \\$aFarnham Royal, Slough :$bThe Bureaux
=264  \1$a[Wallingford] :$bCAB International
=310  \\$aBimonthly
=336  \\$atext$2rdacontent
=337  \\$acomputer$2rdamedia
=338  \\$aonline resource$2rdacarrier
=362  1\$aPrint began in Mar. 1976.
=530  \\$aAlso issued as a fully searchable abstracts database derived from CAB abstracts.
=538  \\$aMode of access: World Wide Web.
=550  \\$aPrepared with: National Institute of Agricultural Engineering, Scientific Information Dept., <Feb. 1982->
=588  \\$aDescription based on print version record.
=588  \\$aLatest issue consulted: volume 41, number 2 (2016).
=650  \0$aAgricultural engineering$vAbstracts$vPeriodicals.
=650  07$aBibliographie.$2swd
=650  07$aLandtechnik.$2swd
=650  \7$aAgricultural engineering.$2fast$0(OCoLC)fst00800726
=655  \7$aAbstracts.$2fast$0(OCoLC)fst01423683
=655  \7$aBibliography.$2fast$0(OCoLC)fst01423717
=655  \7$aPeriodicals.$2fast$0(OCoLC)fst01411641
=710  2\$aCommonwealth Agricultural Bureaux.
=710  2\$aNational Institute of Agricultural Engineering (Great Britain).$bScientific Information Department.
=776  08$iAlso issued in print as:$tAgricultural engineering abstracts$x0308-8863
=787  1\$tCAB abstracts
=852  41$aBritish Library$bHMNTS$jELD Digital store$3Volume 41:Issue 1(2016)-
=856  4\$uhttp://www.cabi.org/publishing-products/online-information-resources/agricultural-engineering-abstracts/$zTo subscribe for online access
=856  40$uhttp://www.cabi-publishing.org/AbstractDatabases.asp?SubjectArea=&PID=32
=859  \\$aELD$bejournal
=985  \\$aThis record is based on a PDF version of the printed title. Probably not generally available in this format. The publisher's online product is in the form of a database see: http://www.cabi.org/publishing-products/online-information-resources/cab-abstracts-subset-archives/. ISSN not assigned for this PDF version.
=CAT  \\$a8483$b40$c20160330$lBLL01$h1206
=CAT  \\$a8483$b40$c20160330$lBLL01$h1553
=CAT  \\$a8483$b40$c20160330$lBLL01$h1623
=CAT  \\$aW1711-1005$c20171206$lBLL01$h1829
=FIN  \\$aY$d20160330
=FMT  \\$a  SE
=LAS  \\$aW1711-1005$b00$c20171206$lBLL01$h1829
=LET  \0$aAgricultural engineering abstracts (Electronic)
=LKR  \\$aPAR$b009557452$lBLL01$r776$mAgricultural engineering abstracts (Online)$nAgricultural engineering abstracts (Print)
=SID  \\$aZ39$bOCLC

