=LDR  02743 as a2200553 i 4500
=001  017783248
=003  Uk
=005  20190321142758.0
=006  m\\\\\|\\d\|\\\\\\
=007  cr\|||||||||||
=008  160330d1984201uenkbx\p\o\\\\\0\\\a0eng\\
=040  \\$aUk$beng$cUk$dUk$erda
=042  \\$aukblsr
=082  04$a633.1$223
=245  00$aWheat, barley and triticale abstracts.
=264  \1$aSlough :$bCommonwealth Agricultural Bureaux,$c1984-
=264  31$a[Wallingford] :$bCAB International
=310  \\$aSix issues yearly
=336  \\$atext$2rdacontent
=337  \\$acomputer$2rdamedia
=338  \\$aonline resource$2rdacarrier
=362  1\$aPrint began with volume 1, number 1 (February 1984).
=500  \\$aPublished in cooperation with the International Maize and Wheat Improvement Center.
=530  \\$aAlso issued as a fully searchable abstracts database derived from CAB abstracts.
=580  \\$aOriginal print version of this title was preceded by an earlier title called: Triticale abstracts.
=588  \\$aDescription based on print version record.
=588  \\$aLatest issue consulted: volume 33, number 1 (2016).
=650  \0$aBarley$vAbstracts$vPeriodicals.
=650  \0$aWheat$vAbstracts$vPeriodicals.
=650  \0$aTriticale$vAbstracts$vPeriodicals.
=710  2\$aC.A.B. International,$eissuing body.
=710  2\$aInternational Maize and Wheat Improvement Center.
=776  08$iAlso issued in print as:$tWheat, barley and triticale abstracts$x0265-7880
=787  1\$tCAB abstracts
=852  41$aBritish Library$bHMNTS$jELD Digital store$3Volume 33:Issue 1(2016)-Volume 34:Issue 6(2017)
=856  4\$uhttp://www.cabi.org/publishing-products/online-information-resources/wheat-barley-and-triticale-abstracts/?newtitlesonly=0&letter=X$zTo subscribe for online access
=859  \\$aELD$bejournal
=985  \\$aThis record is based on a PDF version of the printed title. Probably not generally available in this format. The publisher's online product is in the form of a database see: http://www.cabi.org/publishing-products/online-information-resources/cab-abstracts-subset-archives/. ISSN not assigned for this PDF version.
=CAT  \\$a8483$b40$c20160330$lBLL01$h1345
=CAT  \\$a8483$b40$c20160330$lBLL01$h1346
=CAT  \\$a8483$b40$c20160330$lBLL01$h1348
=CAT  \\$a8483$b40$c20160330$lBLL01$h1552
=CAT  \\$aW1711-1005$c20171206$lBLL01$h1829
=CAT  \\$a3072$b40$c20190321$lBLL01$h1427
=FIN  \\$aY$d20160330
=FMT  \\$a  SE
=LAS  \\$a3072$b40$c20190321$lBLL01$h1427
=LET  \0$aWheat, barley and triticale abstracts (Electronic)
=LKR  \\$aPAR$b012299480$lBLL01$r776$mWheat, barley and triticale abstracts (Online)$nWheat, barley and triticale abstracts (Print)

