=LDR  02791cas a2200565 i 4500
=001  017783325
=003  Uk
=005  20160331113120.0
=006  m\\\\\|\\d\|\\\\\\
=007  cr\|||||||||||
=008  160330c19819999enkqr\p\o\\\\\0\\\a0eng\\
=040  \\$aUk$beng$cUk$erda
=042  \\$aukblsr
=082  04$a338.4779$223
=245  00$aLeisure, recreation & tourism abstracts.
=264  \1$a[Farnham Royal] :$bCommonwealth Agricultural Bureaux :$bWorld Leisure and Recreation Association
=264  31$a[Wallingford] :$bCAB International
=310  \\$aQuarterly
=336  \\$atext$2rdacontent
=337  \\$acomputer$2rdamedia
=338  \\$aonline resource$2rdacarrier
=362  1\$aPrint began with vol.6, no.1 (Mar. 1981).
=530  \\$aAlso issued as a fully searchable abstracts database derived from CAB abstracts.
=580  \\$aOriginal print version of this title was preceded by an earlier title called: Rural recreation and tourism abstracts.
=588  \\$aDescription based on print version record.
=588  \\$aLatest issue consulted: volume 41, number 1 (2016).
=650  \0$aLeisure industry$vAbstracts$vPeriodicals.
=650  \0$aTourism$vAbstracts$vPeriodicals.
=650  \0$aHospitality industry$vAbstracts$vPeriodicals.
=650  \0$aSports administration$vAbstracts$vPeriodicals.
=690  7\$aManagement and Business Studies$2blcoll
=710  2\$aC.A.B. International,$eissuing body.
=776  08$iAlso issued in print as:$tLeisure, recreation and tourism abstracts$x0261-1392
=787  1\$tCAB abstracts
=852  41$aBritish Library$bHMNTS$jELD Digital store$3Volume 41:Number 1(2016)-
=856  4\$uhttp://www.cabi.org/publishing-products/online-information-resources/leisure-recreation-and-tourism-abstracts/$zTo subscribe for online access
=859  \\$aELD$bejournal
=985  \\$aThis record is based on a PDF version of the printed title. Probably not generally available in this format. The publisher's online product is in the form of a database see: http://www.cabi.org/publishing-products/online-information-resources/cab-abstracts-subset-archives/. ISSN not assigned for this PDF version.
=CAT  \\$a8483$b40$c20160330$lBLL01$h1501
=CAT  \\$a8483$b40$c20160330$lBLL01$h1507
=CAT  \\$a8483$b40$c20160330$lBLL01$h1508
=CAT  \\$a8483$b40$c20160330$lBLL01$h1621
=CAT  \\$a8483$b40$c20160331$lBLL01$h1131
=CAT  \\$aBATCH-MBS$c20160408$lBLL01$h2052
=CAT  \\$aW1711-1005$c20171206$lBLL01$h1829
=FIN  \\$aY$d20160330
=FMT  \\$a  SE
=LAS  \\$aW1711-1005$b00$c20171206$lBLL01$h1829
=LET  \0$aLeisure, recreation and tourism abstracts (Electronic)
=LKR  \\$aPAR$b010183150$lBLL01$r776$mLeisure, recreation & tourism abstracts (Online)$nLeisure, recreation and tourism abstracts (Print)

