=LDR  02193cas a2200457 i 4500
=001  017783344
=003  Uk
=005  20160331110836.0
=006  m\\\\\|\\d\|\\\\\\
=007  cr\|||||||||||
=008  160330c19909999enkqr\p\o\\\\\0\\\a0eng\\
=040  \\$aUk$beng$cUk$erda
=042  \\$aukblsr
=082  04$a592.57$223
=245  00$aNematological abstracts.
=260  \\$aWallingford :$bCAB International Information Services,$c1990-
=310  \\$aQuarterly
=336  \\$atext$2rdacontent
=337  \\$acomputer$2rdamedia
=338  \\$aonline resource$2rdacarrier
=362  1\$aPrint began with vol. 59, no.1 (Mar. 1990).
=530  \\$aAlso issued as a fully searchable abstracts database derived from CAB abstracts.
=580  \\$aOriginal print version of this title was preceded by an earlier title called: Helminthological abstracts. Series B. Plant nematology
=588  \\$aDescription based on print version record.
=588  \\$aLatest issue consulted: volume 85, number 1 (2016).
=650  \0$aPlant nematodes$vAbstracts$vPeriodicals.
=710  2\$aC.A.B. International,$eissuing body.
=776  08$iAlso issued in print as:$tNematological abstracts$x0957-6797
=787  1\$tCAB abstracts
=852  41$aBritish Library$bHMNTS$jELD Digital store$3Volume 85:Number 1(2016)-
=856  4\$uhttp://www.cabi.org/publishing-products/online-information-resources/nematological-abstracts/$zTo subscribe for online access
=859  \\$aELD$bejournal
=985  \\$aThis record is based on a PDF version of the printed title. Probably not generally available in this format. The publisher's online product is in the form of a database see: http://www.cabi.org/publishing-products/online-information-resources/cab-abstracts-subset-archives/. ISSN not assigned for this PDF version.
=CAT  \\$a8483$b40$c20160330$lBLL01$h1544
=CAT  \\$a8483$b40$c20160331$lBLL01$h1108
=CAT  \\$aW1711-1005$c20171206$lBLL01$h1829
=FIN  \\$aY$d20160330
=FMT  \\$a  SE
=LAS  \\$aW1711-1005$b00$c20171206$lBLL01$h1829
=LET  \0$aNematological abstracts (Electronic)
=LKR  \\$aPAR$b007740233$lBLL01$r776$mNematological abstracts (Online)$nNematological abstracts (Print)

