=LDR  03350 as a2200709 i 4500
=001  017783359
=003  Uk
=005  20200817151854.0
=006  m\\\\\o\\d\\\\\\\\
=007  cr\|||||||||||
=008  111122d19802019enkqr\p\oa\\\\0\\\a0eng\d
=035  \\$a(OCoLC)761876021$z(OCoLC)60622381
=040  \\$aOCLCE$beng$cOCLCE$dOCLCS$dOCLCQ$dOCLCF$dOCLCO$dUK
=042  \\$aukblsr
=050  \4$aSB975$b.B47
=070  1\$aSB975.B55
=072  \0$aX300
=082  04$a632.96$223
=245  00$aBiocontrol news and information$h[electronic resource] /$cCommonwealth Institute of Biological Control.
=260  \\$aLondon :$bCommonwealth Agricultural Bureaux,$c1980-2019.
=264  31$a[Wallingford] :$bCAB International
=310  \\$aQuarterly
=336  \\$atext$2rdacontent
=337  \\$acomputer$2rdamedia
=338  \\$aonline resource$2rdacarrier
=362  1\$aPrint began with vol. 1, no. 1 (Mar. 1980) ; ceased with volume 40, number 4 (2019).
=530  \\$aAlso issued as a fully searchable abstracts database derived from CAB abstracts.
=530  \\$aAlso issued in print.
=538  \\$aMode of access: World Wide Web.
=550  \\$aPrepared by: International Institute of Biological Control, <June 1991->
=588  \\$aLatest issue consulted: volume 37, number 1 (2016).
=588  \\$aDescription based on print version record.
=650  \0$aPests$xBiological control$vAbstracts$vPeriodicals.
=650  07$aBiologische Schädlingsbekämpfung.$2swd
=650  07$aBiologischer Pflanzenschutz.$2swd
=650  07$aOnline-Publikation.$2swd
=650  07$aZeitschrift.$2swd
=650  \7$aPests$xControl$xBiological control.$2fast$0(OCoLC)fst01059127
=655  \7$aAbstracts.$2fast$0(OCoLC)fst01423683
=655  \7$aPeriodicals.$2fast$0(OCoLC)fst01411641
=710  2\$aCommonwealth Institute of Biological Control.
=710  2\$aCommonwealth Agricultural Bureaux.
=710  2\$aInternational Institute of Biological Control.
=710  2\$aC.A.B. International,$eissuing body.
=776  08$iAlso issued in print as:$tBiocontrol news and information$x0143-1404
=787  1\$tCAB abstracts
=852  41$aBritish Library$bHMNTS$jELD Digital store$3Volume 37:Number 1(2016)-Volume 40:Number 4(2019)
=856  4\$uhttp://www.cabi.org/publishing-products/online-information-resources/biocontrol-news-and-information/$zTo subscribe for online access
=856  40$uhttp://ejournals.ebsco.com/direct.asp?JournalID=101703
=859  \\$aELD$bejournal
=985  \\$aThis record is based on a PDF version of the printed title. Probably not generally available in this format. The publisher's online product is in the form of a database see: http://www.cabi.org/publishing-products/online-information-resources/cab-abstracts-subset-archives/. ISSN not assigned for this PDF version.
=CAT  \\$a8483$b40$c20160330$lBLL01$h1617
=CAT  \\$a8483$b40$c20160330$lBLL01$h1618
=CAT  \\$a8483$b40$c20160331$lBLL01$h1106
=CAT  \\$aW1711-1005$c20171206$lBLL01$h1829
=CAT  \\$a8124$b40$c20200817$lBLL01$h1518
=FIN  \\$aY$d20160330
=FMT  \\$a  SE
=LAS  \\$a8124$b40$c20200817$lBLL01$h1518
=LET  \0$aBiocontrol news and information (Electronic)
=LKR  \\$aPAR$b010996770$lBLL01$r776$mBiocontrol news and information (Online)$nBiocontrol news and information (Print)
=SID  \\$aZ39$bOCLC

