=LDR  02177cas a2200469 i 4500
=001  017784005
=003  Uk
=005  20160331101813.0
=006  m\\\\\|\\d\|\\\\\\
=007  cr\|||||||||||
=008  160331c19789999enkqr\p\o\\\\\0\\\a0eng\\
=040  \\$aUk$beng$cUk$erda
=042  \\$aukblsr
=082  04$a307.1412091724$223
=245  00$aRural development abstracts.
=264  \1$aSlough :$bCommonwealth Agricultural Bureaux,$c1978-
=264  31$a[Wallingford] :$bCAB International
=310  \\$aQuarterly
=336  \\$atext$2rdacontent
=337  \\$acomputer$2rdamedia
=338  \\$aonline resource$2rdacarrier
=362  1\$aPrint began with vol. 1, no. 1 (March 1978).
=530  \\$aAlso issued as a fully searchable abstracts database derived from CAB abstracts.
=588  \\$aDescription based on print version record.
=588  \\$aLatest issue consulted: volume 39, number 1 (2016).
=650  \0$aRural development$zDeveloping countries$vAbstracts$vPeriodicals.
=690  7\$aSocial Welfare$2blcoll
=776  08$iAlso issued in print as:$tRural development abstracts$x0140-4768
=787  1\$tCAB abstracts
=852  41$aBritish Library$bHMNTS$jELD Digital store$3Volume 39:Number 1(2016)-
=856  4\$uhttp://www.cabi.org/publishing-products/online-information-resources/rural-development-abstracts/$zTo subscribe for online access
=859  \\$aELD$bejournal
=985  \\$aThis record is based on a PDF version of the printed title. Probably not generally available in this format. The publisher's online product is in the form of a database see: http://www.cabi.org/publishing-products/online-information-resources/cab-abstracts-subset-archives/. ISSN not assigned for this PDF version.
=CAT  \\$a8483$b40$c20160331$lBLL01$h1017
=CAT  \\$a8483$b40$c20160331$lBLL01$h1018
=CAT  \\$aBATCH-SWP$c20160408$lBLL01$h2216
=CAT  \\$aW1711-1005$c20171206$lBLL01$h1829
=FIN  \\$aY$d20160331
=FMT  \\$a  SE
=LAS  \\$aW1711-1005$b00$c20171206$lBLL01$h1829
=LET  \0$aRural development abstracts (Electronic)
=LKR  \\$aPAR$b010540087$lBLL01$r776$mRural development abstracts (Online)$nRural development abstracts (Print)

