=LDR  02198cas a2200469 i 4500
=001  017784086
=003  Uk
=005  20160331113032.0
=006  m\\\\\|\\d\|\\\\\\
=007  cr\|||||||||||
=008  160331c19759999enkqr\p\o\\\\\0\\\a0eng\\
=040  \\$aUk$beng$cUk$erda
=042  \\$aukblsr
=082  04$a631.89$223
=245  00$aPlant growth regulator abstracts.
=264  \1$aSlough :$bCommonwealth Agricultural Bureaux,$c1975-
=264  31$a[Wallingford] :$bCAB International
=310  \\$aQuarterly
=336  \\$atext$2rdacontent
=337  \\$acomputer$2rdamedia
=338  \\$aonline resource$2rdacarrier
=362  1\$aPrint began with vol.1, no.1 (Jan. 1975).
=530  \\$aAlso issued as a fully searchable abstracts database derived from CAB abstracts.
=588  \\$aDescription based on print version record.
=588  \\$aLatest issue consulted: volume 42, number 1 (2016).
=650  \0$aPlant regulators$vAbstracts$vPeriodicals.
=650  \0$aGrowth (Plants)$vAbstracts$vPeriodicals.
=710  2\$aCommonwealth Agricultural Bureaux.
=710  2\$aC.A.B. International,$eissuing body.
=776  08$iAlso issued in print as:$tPlant growth regulator abstracts$x0305-9154
=787  1\$tCAB abstracts
=852  41$aBritish Library$bHMNTS$jELD Digital store$3Volume 42:Number 1(2016)-
=856  4\$uhttp://www.cabi.org/publishing-products/online-information-resources/plant-growth-regulator-abstracts/$zTo subscribe for online access
=859  \\$aELD$bejournal
=985  \\$aThis record is based on a PDF version of the printed title. Probably not generally available in this format. The publisher's online product is in the form of a database see: http://www.cabi.org/publishing-products/online-information-resources/cab-abstracts-subset-archives/. ISSN not assigned for this PDF version.
=CAT  \\$a8483$b40$c20160331$lBLL01$h1130
=CAT  \\$aW1711-1005$c20171206$lBLL01$h1829
=FIN  \\$aY$d20160331
=FMT  \\$a  SE
=LAS  \\$aW1711-1005$b00$c20171206$lBLL01$h1829
=LET  \0$aPlant growth regulator abstracts (Electronic)
=LKR  \\$aPAR$b007008735$lBLL01$r776$mPlant growth regulator abstracts (Online)$nPlant growth regulator abstracts (Print)

