=LDR  02169cas a2200457 i 4500
=001  017784127
=003  Uk
=005  20160331121431.0
=006  m\\\\\|\\d\|\\\\\\
=007  cr\|||||||||||
=008  160331c19519999enkqr\p\o\\\\\0\\\a0eng\\
=040  \\$aUk$beng$cUk$erda
=042  \\$aukblsr
=082  04$a616.969005$223
=245  00$aReview of medical and veterinary mycology.
=264  \1$aKew, Surrey :$bThe Commonwealth Mycological Institute,
=264  31$a[Wallingford] :$bCAB International
=310  \\$aQuarterly
=336  \\$atext$2rdacontent
=337  \\$acomputer$2rdamedia
=338  \\$aonline resource$2rdacarrier
=362  1\$aPrint began in 1951.
=530  \\$aAlso issued as a fully searchable abstracts database derived from CAB abstracts.
=580  \\$aOriginal print version of this title was preceded by an earlier title called: Annotated bibliography of medical mycology.
=588  \\$aDescription based on print version record.
=588  \\$aLatest issue consulted: volume 51, number 1 (2016).
=650  \0$aMedical mycology$vAbstracts$vPeriodicals.
=650  \0$aVeterinary mycology$vAbstracts$vPeriodicals.
=710  2\$aC.A.B. International,$eissuing body.
=776  08$iAlso issued in print as:$tReview of Medical and Veterinary Mycology$x0034-6624
=787  1\$tCAB abstracts
=852  41$aBritish Library$bHMNTS$jELD Digital store$3Volume 51:Number 1(2016)-
=859  \\$aELD$bejournal
=985  \\$aThis record is based on a PDF version of the printed title. Probably not generally available in this format. The publisher's online product is in the form of a database see: http://www.cabi.org/publishing-products/online-information-resources/cab-abstracts-subset-archives/. ISSN not assigned for this PDF version.
=CAT  \\$a8483$b40$c20160331$lBLL01$h1214
=CAT  \\$aW1711-1005$c20171206$lBLL01$h1829
=FIN  \\$aY$d20160331
=FMT  \\$a  SE
=LAS  \\$aW1711-1005$b00$c20171206$lBLL01$h1829
=LET  \0$aReview of medical and veterinary mycology (Electronic)
=LKR  \\$aPAR$b009543556$lBLL01$r776$mReview of medical and veterinary mycology (Online)$nReview of Medical and Veterinary Mycology (Print)

