=LDR  02141 as a2200481 i 4500
=001  017784271
=003  Uk
=005  20190321142754.0
=006  m\\\\\|\\d\|\\\\\\
=007  cr\|||||||||||
=008  160331d1975201uenkqr\p\oa\\\\0\\\a0eng\\
=040  \\$aUk$beng$cUk$dUk$erda
=042  \\$aukblsr
=082  04$a633.18$223
=130  0\$aRice abstracts (Slough)
=245  10$aRice abstracts.
=264  \1$aSlough :$bCommonwealth Agricultural Bureaux,$c1978-
=264  31$a[Wallingford] :$bCAB International
=310  \\$aQuarterly
=336  \\$atext$2rdacontent
=337  \\$acomputer$2rdamedia
=338  \\$aonline resource$2rdacarrier
=362  1\$aPrint began with vol.1, no.1 (Jan. 1978).
=530  \\$aAlso issued as a fully searchable abstracts database derived from CAB abstracts.
=588  \\$aDescription based on print version record.
=588  \\$aLatest issue consulted: volume 39, number 1 (2016).
=650  \0$aRice$xAbstracts$xPeriodicals.
=710  2\$aC.A.B. International,$eissuing body.
=776  08$iAlso issued in print as:$tRice abstracts (Slough)$x0141-0164
=787  1\$tCAB abstracts
=852  41$aBritish Library$bHMNTS$jELD Digital store$3Volume 39:Number 1(2016)-Volume 40:Number 4(2017)
=856  4\$uhttp://www.cabi.org/publishing-products/online-information-resources/rice-abstracts/$zTo subscribe for online access
=859  \\$aELD$bejournal
=985  \\$aThis record is based on a PDF version of the printed title. Probably not generally available in this format. The publisher's online product is in the form of a database see: http://www.cabi.org/publishing-products/online-information-resources/cab-abstracts-subset-archives/. ISSN not assigned for this PDF version.
=CAT  \\$a8483$b40$c20160331$lBLL01$h1554
=CAT  \\$a8483$b40$c20160331$lBLL01$h1555
=CAT  \\$aW1711-1005$c20171206$lBLL01$h1829
=CAT  \\$a3072$b40$c20190321$lBLL01$h1424
=CAT  \\$a3072$b40$c20190321$lBLL01$h1427
=FIN  \\$aY$d20160331
=FMT  \\$a  SE
=LAS  \\$a3072$b40$c20190321$lBLL01$h1427
=LKR  \\$aPAR$b009226124$lBLL01$r776$mRice abstracts (Online)$nRice abstracts (Print)

