=LDR  01417cas a2200421 i 4500
=001  017793020
=003  Uk
=005  20160523134541.0
=007  ta
=008  160405c20uu9999enkmr\p\\\\\\\0\\\a0eng\\
=015  \\$aGBB668592$2bnb
=022  0\$y1596-6984
=040  \\$aUk$beng$cUk$erda
=042  \\$aukblsr
=082  04$a242.6205$223
=245  00$aRhapsody of realities for early readers :$ba daily devotional.
=246  30$aRhapsody of realities
=264  \1$a[Rainham, Essex] :$b[Believers LoveWorld]
=300  \\$billustrations (colour) ;$c20 cm
=310  \\$aMonthly
=336  \\$atext$2rdacontent
=337  \\$aunmediated$2rdamedia
=338  \\$avolume$2rdacarrier
=588  \\$aDescription based on: March 2016 issue.
=650  \0$aDevotional calendars$vPeriodicals$vJuvenile literature.
=650  \0$aBible games and puzzles$vPeriodicals$vJuvenile literature.
=700  1\$aOyakhilome, Chris,$eauthor.
=710  2\$aBelievers' Loveworld Incorporated.
=852  41$aBritish Library$bHMNTS$jZK.9.a.16348
=985  \\$aISSN 1596-6984 (Nigeria) is free on the ISSN Portal.
=CAT  \\$a10973$b40$c20160405$lBLL01$h1606
=CAT  \\$a11205$b40$c20160523$lBLL01$h1333
=CAT  \\$a11205$b40$c20160523$lBLL01$h1335
=CAT  \\$a11205$b40$c20160523$lBLL01$h1343
=CAT  \\$a11205$b40$c20160523$lBLL01$h1345
=FIN  \\$aY$d20160405
=FMT  \\$a  SE
=LAS  \\$a11205$b40$c20160523$lBLL01$h1345

