=LDR  02755cas a2200625 i 4500
=001  017801316
=003  Uk
=005  20190306121042.0
=006  m\\\\\|\\d\|\\\\\\
=007  cr\|||||||||||
=008  160411c20149999enkqr\p\o\\\\\0\\\a0eng\\
=015  \\$aGBB650382$2bnb
=022  0\$a2398-1784$202
=040  \\$aUk$beng$cUk$dUk$erda
=042  \\$aukblsr
=082  04$a771$223
=130  0\$aMagic lantern (Ripon, England)
=222  \4$aThe magic lantern$b(Ripon. Online)
=245  14$aThe magic lantern.
=264  \1$aRipon, North Yorkshire :$bMagic Lantern Society
=264  31$aExeter :$bMagic Lantern Society
=300  \\$billustrations (black and white, and colour)
=310  \\$aQuarterly
=336  \\$atext$2rdacontent
=337  \\$acomputer$2rdamedia
=338  \\$aonline resource$2rdacarrier
=362  1\$aPrint began with number 1 (December 2014).
=588  \\$aDescription based on print version record.
=588  \\$aLatest issue consulted: number 3 (December 2015).
=610  20$aMagic Lantern Society of Great Britain$vPeriodicals.
=650  \0$aLantern projection$vPeriodicals.
=650  \0$aLantern projection$xHistory$vPeriodicals.
=650  \0$aProjectors$vPeriodicals.
=650  \0$aProjectors$xHistory$vPeriodicals.
=710  2\$aMagic Lantern Society of Great Britain,$eissuing body.
=776  08$iAlso issued in print as:$tMagic lantern (Ripon, England)$x2057-3723
=780  00$tNew magic lantern journal
=852  41$aBritish Library$bHMNTS$jELD Digital store$3Number 5(2015)-
=856  4\$uhttp://www.magiclantern.org.uk/index.php$zTo subscribe
=859  \\$aELD$bejournal
=985  \\$aISSN description based on: number 1 (December 2014); title from PDF caption title (publisher's Website, viewed January 28, 2019).
=985  \\$aDDC problematic; 771.4805 may be a bit too specific, as pinhole cameras (also forerunner of photography) & photograpy without camera are in "include note" at 771. Toss up between 771 & 681.41; 778.2 also popular number; previous title 009546456 at 681.418 & some camera obscura & lucida works here, but focus for those is probably more on the equipment side.
=CAT  \\$a3072$b40$c20160411$lBLL01$h1150
=CAT  \\$a3072$b40$c20160411$lBLL01$h1156
=CAT  \\$a10973$b40$c20160412$lBLL01$h1441
=CAT  \\$a11313$b40$c20160426$lBLL01$h0831
=CAT  \\$a11313$b40$c20160426$lBLL01$h0840
=CAT  \\$aW1711-1005$c20171206$lBLL01$h1829
=CAT  \\$a8323$b40$c20190128$lBLL01$h1129
=CAT  \\$a8483$b40$c20190306$lBLL01$h1210
=FIN  \\$aY$d20160411
=FMT  \\$a  SE
=LAS  \\$a8483$b40$c20190306$lBLL01$h1210
=LET  \0$aMagic lantern (Electronic)
=LKR  \\$aPAR$b016949146$lBLL01$r776$mMagic lantern (Online)$nMagic lantern (Print)

