=LDR  02134 as a2200457 i 4500
=001  017810265
=003  Uk
=005  20160420154721.0
=006  m\\\\\|\\d\|\\\\\\
=007  cr\|||||||||||
=008  160420d20112012enkar\\\o\\\\o0\\\a0eng\\
=015  \\$aGBB656094$2bnb
=040  \\$aUk$beng$cUk$erda
=042  \\$aukblsr
=082  04$a658.4083$223
=110  1\$aGreat Britain.$bDepartment for Work and Pensions,$eauthor.
=245  10$aDWP annual sustainability report.
=264  \1$a[Leeds] :$bDepartment for Work and Pensions
=336  \\$atext$2rdacontent
=337  \\$acomputer$2rdamedia
=338  \\$aonline resource$2rdacarrier
=588  \\$aDescription based on: July 2012 issue covering 2011/2012; title from PDF cover (GOV.UK, viewed April 20, 2016).
=610  10$aGreat Britain.$bDepartment for Work and Pensions$vPeriodicals.
=650  \0$aSustainable development reporting$vPeriodicals.
=650  \0$aPublic administration$xEnvironmental aspects$zGreat Britain$vPeriodicals.
=690  7\$aManagement and Business Studies$2blcoll
=785  00$aGreat Britain. Department for Work and Pensions$tDWP annual sustainable development report
=787  0\$tSustainable development annual report (Online)$x2042-5600
=852  41$aBritish Library$bHMNTS$jELD Digital store$3(2012)
=856  40$uhttps://www.gov.uk/government/collections/dwp-annual-sustainable-development-reports
=859  \\$aELD$bejournal
=985  \\$aWould be stretching the rules to continue adding to 015411219, particulary as there may be some some missing issues inbetween - decided on a fresh start with this one, and then another C/T; prob not worth continuing with ISSN.
=CAT  \\$a3072$b40$c20160420$lBLL01$h1542
=CAT  \\$a3072$b40$c20160420$lBLL01$h1547
=CAT  \\$aBATCH-MBS$c20160429$lBLL01$h2114
=CAT  \\$aW1711-1005$c20171206$lBLL01$h1829
=FIN  \\$aY$d20160420
=FMT  \\$a  SE
=LAS  \\$aW1711-1005$b00$c20171206$lBLL01$h1829
=LET  \0$aDWP annual sustainability report (Electronic)
=LKR  \\$aPAR$b015411219$lBLL01$r787$nSustainable development ... annual report$mDWP annual sustainability report

