=LDR  01772 as a2200409 i 4500
=001  017845215
=003  Uk
=005  20160512080604.0
=007  ta
=008  160511c199u9999enker\p\\\\\\\0\\\a0eng\\
=022  \\$y0257-893X
=040  \\$aUk$beng$cUk$erda
=042  \\$aukblsr
=082  04$a338.476588009505$223
=130  0\$aAsian advertising and marketing (Hong Kong : 1996)
=245  10$aAsian advertising and marketing :$bfor communication executives.
=246  10$aA & M
=264  \1$aHong Kong :$bA&M Publishing Ltd
=300  \\$billustrations (black and white, and colour) ;$c38 cm
=310  \\$aBiweekly
=336  \\$atext$2rdacontent
=337  \\$aunmediated$2rdamedia
=338  \\$avolume$2rdacarrier
=588  \\$aDescription based on: Volume 10, number 11 (June 14 1996).
=650  \0$aAdvertising$zAsia$vPeriodicals.
=650  \0$aMarketing$zAsia$vPeriodicals.
=690  7\$aManagement and Business Studies$2blcoll
=787  0\$tAdvertising age$x0001-8899
=852  41$aBritish Library$bHMNTS$jZD.9.b.2599$3Vol. 1, no. 1 (14 Jun. 1996)
=985  \\$aHas links with#010007970 but ISSN history is confused and implies an intervening merger or c/t plus reversion may have taken place. OCLC records also vary, (one suggests a publishing hiatus between 1993 and 1996). Therefore catalogued as standalone. Date qualifier in AAP is date of issue in hand as per CONSER 5.3.3 in absence of better
=CAT  \\$a8124$b40$c20160511$lBLL01$h1129
=CAT  \\$a8124$b40$c20160512$lBLL01$h0806
=CAT  \\$aBATCH-MBS$c20160617$lBLL01$h2112
=FIN  \\$aY$d20160511
=FMT  \\$a  SE
=LAS  \\$aBATCH-MBS$b00$c20160617$lBLL01$h2112
=LKR  \\$aPAR$b009188456$lBLL01$nAdvertising age$r787$mAsian advertising and marketing : for communication executives.

