=LDR  02492cas a2200613 i 4500
=001  017847203
=003  Uk
=005  20230511163123.0
=007  ta
=008  160513c20169999pl\qr\p\\\\\\\0\\\a0eng\\
=022  0\$a2450-7393
=040  \\$aUk$beng$cUk$erda
=042  \\$aukblsr
=082  04$a636.089$223
=130  0\$aJournal of veterinary research (Puławy, Poland)
=245  10$aJournal of veterinary research.
=264  \1$aPulawy, Poland :$bNational Veterinary Research Institute,$c2016-
=300  \\$billustrations (black and white, and colour) ;$c30 cm
=310  \\$aQuarterly
=336  \\$atext$2rdacontent
=337  \\$aunmediated$2rdamedia
=338  \\$avolume$2rdacarrier
=362  0\$aVolume 60, number 1 (2016)-
=530  \\$aIssued also online.
=540  \\$aBritish Library not licensed to copy$c0$5Uk
=650  \0$aVeterinary medicine$vPeriodicals.
=710  2\$aPaństwowy Instytut Weterynaryjny (Poland),$eissuing body.
=780  00$tBulletin of the Veterinary Institute in Puławy$x0042-4870
=852  41$aBritish Library$bDSC$j5072.432000$3Vol. 60, no. 1 (2016)-v. 60 (2016)
=945  \\$aJournal of Veterinary Research -Pulawy-
=959  \\$fCurrently received
=985  \\$aWork record only on ISSN portal. Please add key title when validated.
=ACF  \\$aPrevious Copyright Fee: GBP15.00$c0$e01-jan-2017$fGBP15.00$g0$hA$5Uk
=ACF  \\$aPrevious copyright fee: GBP12.30$c0$e14-jun-2016$fGBP12.30$g0$hA$5Uk
=CAT  \\$a11205$b40$c20160513$lBLL01$h1158
=CAT  \\$a9713$b40$c20160614$lBLL01$h0838
=CAT  \\$a9713$b40$c20160614$lBLL01$h0920
=CAT  \\$a5552$b40$c20160708$lBLL01$h0823
=CAT  \\$aBATCH-CLA$b00$c20161222$lBLL01$h1840
=CAT  \\$aIPL-CLA$c20161231$lBLL01$h0025
=CAT  \\$a9713$b40$c20170213$lBLL01$h0905
=CAT  \\$a9713$b40$c20170213$lBLL01$h1126
=CAT  \\$aBATCH-UPD$b40$c20171104$lBLL01$h1725
=CAT  \\$aBATCH-CLA$b00$c20171222$lBLL01$h2220
=CAT  \\$aIPL-CLA$c20171231$lBLL01$h1832
=CAT  \\$a12654$b40$c20190816$lBLL01$h1144
=CAT  \\$aBATCH-FIX$c20230511$lBLL01$h1631
=CFI  0\$aBritish Library not licensed to copy$c0$e16-aug-2019$hC$iTX$5Uk
=CFI  2\$aPrevious Copyright Fee: GBP17.50$c0$e01-jan-2018$fGBP17.50$g0$hA$5Uk
=FIN  \\$aY$d20160513
=FMT  \\$a  SE
=LAS  \\$aBATCH-FIX$b00$c20230511$lBLL01$h1631
=LKR  \\$aPAR$b011735304$lBLL01$nBulletin of the Veterinary Institute in Puławy$mJournal of veterinary research$r78000
=TOC  \\$aETOC

