=LDR  03256cas a2200793 i 4500
=001  017877698
=003  Uk
=005  20170713115407.0
=006  m\\\\\o\\d\\\\\\\\
=007  cr\|||||||||||
=008  160323c20169999ne\qr\poo\\\\\0\\\a0eng\c
=010  \\$a  2016229347
=016  7\$a101687137$2DNLM
=022  \\$a2405-6731
=035  \\$a(OCoLC)945456970
=037  \\$aISSN_24056731$bPortico$nElsevier
=040  \\$aCUV$beng$cCUV$dOCLCO$dOCLCF$dOCLCO$dNLM$dOCLCO$dUk$erda$epn
=042  \\$aukblsr
=060  00$aW1
=082  04$a571.99905$223
=245  00$aParasite epidemiology and control.
=264  \1$a[Amsterdam] :$bPublished by Elsevier Ltd., on behalf of the World Federation of Parasitologists,$c[2016]-
=300  \\$billustrations (black and white, and colour), maps (black and white, and colour)
=310  \\$aQuarterly
=336  \\$atext$btxt$2rdacontent
=337  \\$acomputer$bc$2rdamedia
=338  \\$aonline resource$bcr$2rdacarrier
=362  1\$aBegan with Volume 1, Issue 1 (March 2016).
=500  \\$aArticles in press also accessible online.
=515  \\$aNumbering from contents page.
=540  \\$aCurrent copyright fee: zero$c5\1$5Uk
=588  \\$aDescription based on: Volume 1, Issue 1 (March 2016); title from journal home page (ScienceDirect website, viewed March 23, 2016).
=588  \\$aLatest issue consulted: Volume 2, issue 1 (February 2017) (viewed March 29, 2017).
=650  \0$aParasitic diseases$xEpidemiology$vPeriodicals.
=650  \0$aParasitic diseases$xPrevention$vPeriodicals.
=650  \0$aParasitology$vPeriodicals.
=650  12$aParasitic Diseases.
=650  \7$aParasitic diseases$xEpidemiology.$2fast$0(OCoLC)fst01053155
=650  \7$aParasitic diseases$xPrevention.$2fast$0(OCoLC)fst01053162
=650  \7$aParasitology.$2fast$0(OCoLC)fst01053186
=655  \2$aPeriodicals.
=655  \7$aPeriodicals.$2fast$0(OCoLC)fst01411641
=710  2\$aWorld Federation of Parasitologists,$eissuing body.
=852  41$aBritish Library$bHMNTS$jELD Digital store$3Volume 1:Issue 1(2016)-
=856  4\$31850-9999$uhttp://www.sciencedirect.com/$xBLDSS
=856  40$uhttp://www.sciencedirect.com/science/journal/24056731
=859  \\$aELD$bejournal
=945  \\$aParasite epidemiology and control.
=979  \\$aBritish Library$bDSC$j6404.939500N
=985  \\$a3rd party access title for Remote supply please retain as base record when merging/deleting
=985  \\$aISSN still work record on Portal 29/3/17
=CAT  \\$a5552$b40$c20160614$lBLL01$h1415
=CAT  \\$aBLDSS-3PM$b00$c20160620$lBLL01$h1456
=CAT  \\$aBATCH-UPD$b00$c20160620$lBLL01$h1459
=CAT  \\$a10983$b40$c20161114$lBLL01$h1217
=CAT  \\$a14412$b40$c20161116$lBLL01$h1131
=CAT  \\$a8124$b40$c20170329$lBLL01$h0925
=CAT  \\$a5552$b40$c20170522$lBLL01$h1547
=CAT  \\$a5410$b40$c20170530$lBLL01$h1547
=CAT  \\$a8124$b40$c20170713$lBLL01$h1154
=CAT  \\$aW1711-1005$c20171206$lBLL01$h1829
=CFI  0\$aCurrent copyright fee: zero$c5\1$e14-jun-2016$fGBP0.00$g0$hP$5Uk
=FFP  \\$aY$bBLDSS-3PM
=FIN  \\$aY$d20170329
=FMT  \\$a  SE
=LAS  \\$aW1711-1005$b00$c20171206$lBLL01$h1829
=MNI  \\$a2405-6731
=SID  \\$aZ39$bOCLC
=TOC  \\$aETOC

