=LDR  03021cas a2200589 i 4500
=001  017890476
=003  Uk
=005  20171108113629.0
=006  m\\\\\|\\d\|\\\\\\
=007  cr\|||||||||||
=008  160622c201u9999enkqr\\\o\\\\\0\\\a0eng\\
=022  0\$y2398-4406
=040  \\$aUk$beng$cUk$erda
=042  \\$aukblsr
=082  04$a330.941$223
=245  00$aBritish Chambers of Commerce quarterly economic survey.$pKey findings.
=246  1\$iWebsite list title:$aQuarterly economic survey summary
=246  1\$iMinor title change:$aBritish Chambers of Commerce quarterly economic survey,$f2017,Q2-
=264  \1$aLondon :$bBritish Chambers of Commerce
=300  \\$billustrations (colour)
=310  \\$aQuarterly
=336  \\$atext$2rdacontent
=337  \\$acomputer$2rdamedia
=338  \\$aonline resource$2rdacarrier
=500  \\$aLater issues drop the section title "Key findings".
=580  \\$aTo 2015 issued as a full version; from 2016? also issued as an interactive Web site.
=588  \\$aDescription based on: 2016, Q1; title from PDF caption (publisher's Web site, viewed June 22, 2016).
=588  \\$aLatest issue consulted: 2017, Q3 (viewed November 8, 2017).
=650  \0$aEconomic surveys$zGreat Britain$vPeriodicals.
=651  \0$aGreat Britain$xEconomic conditions$vPeriodicals.
=690  7\$aManagement and Business Studies$2blcoll
=710  2\$aBritish Chambers of Commerce,$eissuing body.
=787  1\$tBritish Chambers of Commerce quarterly economic survey
=787  1\$tBritish Chambers of Commerce quarterly economic survey (Web site)
=852  41$aBritish Library$bHMNTS$jELD Digital store$3Quarter 1(2016)-
=856  4\$uhttp://www.britishchambers.org.uk/policy-maker/economic-data/quarterly-economic-survey/$zFollow links to resource
=859  \\$aELD$bejournal
=985  \\$aConfirmation from publisher that the 2016/Q1 "summary" survey is the only published version of this title available - 26.5.2016 (but he didn't mention the website found later) - not sure when Key findings and Website started - may have been 2016, but no evidence - so not sure what the relationship is. ISSN assigned to electronic version of the full report is being used on these survey summaries.
=CAT  \\$a3072$b40$c20160622$lBLL01$h1617
=CAT  \\$a3072$b40$c20160622$lBLL01$h1637
=CAT  \\$a3072$b40$c20160622$lBLL01$h1641
=CAT  \\$a3072$b40$c20160623$lBLL01$h1421
=CAT  \\$aBATCH-MBS$c20160701$lBLL01$h2103
=CAT  \\$a8483$b40$c20171108$lBLL01$h1110
=CAT  \\$a8483$b40$c20171108$lBLL01$h1111
=CAT  \\$a8483$b40$c20171108$lBLL01$h1136
=CAT  \\$aW1711-1005$c20171206$lBLL01$h1829
=FIN  \\$aY$d20160623
=FMT  \\$a  SE
=LAS  \\$aW1711-1005$b00$c20171206$lBLL01$h1829
=LET  \0$aBritish Chambers of Commerce quarterly economic survey. Key findings (Electronic)
=LKR  \\$aPAR$b008551500$lBLL01$r787$mBritish Chambers of Commerce quarterly economic survey. Key findings$nBritish Chambers of Commerce quarterly economic survey

