=LDR  01878 as a2200457 i 4500
=001  017943637
=003  Uk
=005  20160822155520.0
=007  ta
=008  160726c20159999sg\fr\p\\\\\\\0\\\a0eng\\
=022  0\$a2411-5002
=040  \\$aUk$beng$cUk$erda
=041  0\$aeng$afre$beng$bfre
=042  \\$aukblsr
=082  04$a330.96005$223
=245  00$aJournal of African transformation :$breflections on policy and practice = Revue des mutations en Afrique : réflexions sur les politiques et les pratiques.
=246  31$aRevue des mutations en Afrique :$bréflexions sur les politiques et les pratiques
=264  \1$aDakar, Senegal :$bCouncil for the Development of Social Science Research in Africa (CODESRIA) and the United Nations Economic Commission for Africa (ECA),$c2015-
=300  \\$billustrations (black and white) ;$c22 cm
=310  \\$aSemiannual
=336  \\$atext$2rdacontent
=337  \\$aunmediated$2rdamedia
=338  \\$avolume$2rdacarrier
=362  0\$aVolume 1, no. 1 (2015)-
=530  \\$aIssued also online.
=546  \\$aArticles in English or French; abstracts in English and French.
=651  \0$aAfrica$xEconomic conditions$vPeriodicals.
=651  \0$aAfrica$xEconomic policy$vPeriodicals.
=651  \0$aAfrica$xSocial conditions$vPeriodicals.
=651  \0$aAfrica$xSocial policy$vPeriodicals.
=690  7\$aManagement and Business Studies$2blcoll
=710  2\$aUnited Nations.$bEconomic Commission for Africa.
=710  2\$aCodesria.
=852  41$aBritish Library$bHMNTS$jZF.9.a.11148$3Vol. 1, n. 1 (2015)
=985  \\$aWork record only of ISSN portal. Please add key title when validated.
=CAT  \\$a10953$b40$c20160726$lBLL01$h1422
=CAT  \\$a11205$b40$c20160822$lBLL01$h1555
=CAT  \\$aBATCH-MBS$c20160826$lBLL01$h2058
=FIN  \\$aY$d20160822
=FMT  \\$a  SE
=LAS  \\$aBATCH-MBS$b00$c20160826$lBLL01$h2058

