=LDR  02509cas a2200613 i 4500
=001  017945611
=003  Uk
=005  20230511163124.0
=007  ta
=008  160728c20169999ko\qr\p\\\\\\\0\\\a0eng\\
=022  0\$a2466-1384
=040  \\$aUk$beng$cUk$erda
=041  0\$aeng$akor
=042  \\$aukblsr
=082  04$a636.08905$223
=222  \0$aKorean journal of veterinary research
=245  00$aKorean journal of veterinary research =$bDaehansuuihakoe.
=246  31$aDaehansuuihakoe
=264  \1$aSeoul :$bKorean Society of Veterinary Science,$c2016-
=300  \\$billustrations (black and white, and colour) ;$c29 cm
=310  \\$aQuarterly
=336  \\$atext$2rdacontent
=337  \\$aunmediated$2rdamedia
=338  \\$avolume$2rdacarrier
=362  0\$aVol. 56, no. 1 (March 2016)-
=540  \\$aBritish Library not licensed to copy$c0$5Uk
=546  \\$aIn English with some Korean.
=650  \0$aVeterinary medicine$vPeriodicals.
=650  \0$aVeterinary medicine$zKorea$vPeriodicals.
=710  2\$aTaehan Suŭi Hakhoe,$eissuing body.
=780  00$tTaehan Suŭi Hakhoeji$x1225-0198
=852  41$aBritish Library$bDSC$j5113.576500$3Vol. 56, no. 1 (2016)-
=945  \\$aKorean journal of veterinary research -Seoul-
=959  \\$fCurrently received
=985  \\$aDebate whether title change just a flip of a parallel titles but #011116214 title in Chinese, this record parallel title is Korean text, also to remain in step with ISSN records
=ACF  \\$aPrevious Copyright Fee: GBP15.00$c0$e01-jan-2017$fGBP15.00$g0$hA$5Uk
=ACF  \\$aPrevious copyright fee: GBP12.30$c0$e02-aug-2016$fGBP12.30$g0$hA$5Uk
=CAT  \\$a8124$b40$c20160728$lBLL01$h0914
=CAT  \\$a11385$b40$c20160802$lBLL01$h1228
=CAT  \\$a5410$b40$c20160823$lBLL01$h1442
=CAT  \\$aBATCH-CLA$b00$c20161222$lBLL01$h1840
=CAT  \\$aIPL-CLA$c20161231$lBLL01$h0026
=CAT  \\$aBATCH-CLA$b00$c20171222$lBLL01$h2221
=CAT  \\$aIPL-CLA$c20171231$lBLL01$h1832
=CAT  \\$a12654$b40$c20190509$lBLL01$h0926
=CAT  \\$a5552$b40$c20190607$lBLL01$h0859
=CAT  \\$aBATCH-FIX$c20230511$lBLL01$h1631
=CFI  0\$aBritish Library not licensed to copy$c0$e09-may-2019$hC$iTX$5Uk
=CFI  2\$aPrevious Copyright Fee: GBP17.50$c0$e01-jan-2018$fGBP17.50$g0$hA$5Uk
=FIN  \\$aY$d20160728
=FMT  \\$a  SE
=LAS  \\$aBATCH-FIX$b00$c20230511$lBLL01$h1631
=LKR  \\$aPAR$b011116214$lBLL01$nTaehan Suŭi Hakhoeji$mKorean journal of veterinary research$r78000
=TOC  \\$aETOC

