=LDR  05829cas a2201237 a 4500
=001  017993253
=003  Uk
=005  20230520112813.0
=006  m\\\\\o\\d\\\\\\\\
=007  cr\un|||||||||
=008  050614c19469999enkbr\pso\\\\\0\\\a0fre\d
=015  \\$aGBB6C1365$2bnb
=022  \\$y1784-3421
=035  \\$a(OCoLC)60628133$z(OCoLC)590662011$z(OCoLC)591214568
=037  \\$aISSN_00015458_21$bPortico$nTaylor & Francis
=040  \\$aOCLCS$beng$cOCLCS$dOCLCQ$dOCLCE$dCNMKL$dOCLCQ$dOCLCF$dOCLCO$dOCLCQ$dOCLCO$dOCLCQ$dOCLCO$dUk
=041  0\$afre$aeng$adut
=042  \\$aukblsr
=060  \4$aW1$bAC777
=082  04$a617.005$223
=130  0\$aActa chirurgica belgica (Online)
=245  10$aActa chirurgica belgica.
=260  \\$aBruxelles :$bActa medica belgica
=264  31$a[Abingdon, Oxfordshire] :$bTaylor & Francis, Taylor & Francis Group
=310  \\$aBimonthly
=336  \\$atext$2rdacontent
=337  \\$acomputer$2rdamedia
=338  \\$aonline resource$2rdacarrier
=362  1\$aPrint began with v. 45 in 1946.
=515  \\$aNumbered as 45- Année of the Journal and 38- Année of the Annales.
=520  \\$aIssues for 1950-51 include Acta Anaesthesiologica Belgica, 1-2 Année.
=525  \\$aSome issues have monographic supplements.
=530  \\$aAlso issued in print.
=538  \\$aMode of access: World Wide Web.
=540  \\$aCurrent copyright fee: GBP46.00$c2\0$5Uk
=546  \\$aIn French, English and Dutch.
=550  \\$aOfficial organ of the Société Belge de Chirurgie, later published on their behalf.
=580  \\$aHas a separately published supplement with title: Acta chirurgica belgica. Supplement.
=588  0\$aDescription based on print version record.
=588  \\$aLatest issue consulted: vol. 116, no. 2 (2016), (Taylor & Francis Online, viewed August 31, 2016).
=650  \0$aSurgery$vPeriodicals.
=650  \2$aGeneral Surgery.
=650  \6$aChirurgie$vPériodiques.
=650  \7$aSurgery.$2fast$0(OCoLC)fst01139351
=650  17$aChirurgie (geneeskunde)$2gtt
=655  \2$aPeriodicals.
=655  \7$aPeriodicals.$2fast$0(OCoLC)fst01411641
=710  2\$aSociété belge de chirurgie,$eissuing body.
=740  02$aActa anaesthesiologica Belgica, 1.-2. année.
=770  1\$tActa chirurgica belgica. Supplement
=776  1\$tActa chirurgica belgica$x0001-5458
=780  00$tJournal de chirurgie et annales de la Société belge de chirurgie
=787  1\$tActa anaestheiologica belgica
=852  \\$aBritish Library$bDSC$j0611.130000$3Volume 117:Isuse 1(2017)-Volume 117:Isuse 6(2017)***See ESTAR for full holdings.
=852  41$aBritish Library$bHMNTS$jELD Digital store$3Volume 116:Issue 1(2016)-
=856  \\$31850-9999$uhttp://www.tandfonline.com/$xBLDSS
=856  40$uhttp://www.tandfonline.com/loi/tacb20
=856  40$uhttp://www.ulb.ac.be/medecine/loce/Acta_Medica_Belgica/journal/Acta_Chirurgica_Belgica.htm
=859  \\$aELD$bejournal
=945  \\$aActa chirurgica belgica.
=959  \\$fHeld but not currently received
=979  \\$aBritish Library$bDSC$j0611.130000
=985  \\$aNew ISSN was given to the print for the change to the English ed in 1996 (but title is same) so C/T not needed. Don't know whether the online issues include supplements; can't find a separate website for them, and no evidence that they're included with the main title's issues - vol 114, no. 3 has a supplement on the print record, but suupl doesn't seem to be included with the issue here. Have left the info on the record, as it's based on the print one anyway.
=ACF  \\$aPrevious copyright fee: GBP28.00$c2\0$e27-apr-2017$fGBP28.00$g0$hP$5Uk
=ACF  \\$aPrevious copyright fee: GBP36.00$c2\0$e04-may-2017$fGBP36.00$g0$hP$5Uk
=ACF  \\$aPrevious copyright fee: GBP38.00$c2\0$e01-jan-2018$fGBP38.00$g0$hP$5Uk
=ACF  \\$aPrevious copyright fee: GBP40.00$c2\0$e01-jan-2019$fGBP40.00$g0$hP$5Uk
=ACF  \\$aPrevious copyright fee: GBP42.00$c2\0$e01-jan-2020$fGBP42.00$g0$hP$5Uk
=CAT  \\$a3072$b40$c20160831$lBLL01$h1343
=CAT  \\$a12654$b40$c20170427$lBLL01$h0927
=CAT  \\$a12654$b40$c20170427$lBLL01$h0930
=CAT  \\$a12654$b40$c20170427$lBLL01$h1114
=CAT  \\$a12654$b40$c20170427$lBLL01$h1115
=CAT  \\$aBLDSS-3PM$b00$c20170502$lBLL01$h1430
=CAT  \\$aBATCH-UPD$b00$c20170502$lBLL01$h1431
=CAT  \\$a5552$b40$c20170504$lBLL01$h1104
=CAT  \\$aBATCH-UPD$b40$c20171121$lBLL01$h1640
=CAT  \\$aW1711-1005$c20171206$lBLL01$h1829
=CAT  \\$aIPL-CLA$c20171231$lBLL01$h1833
=CAT  \\$aBATCH-UPD$b00$c20181217$lBLL01$h1648
=CAT  \\$aIPL-CLA$c20181231$lBLL01$h1555
=CAT  \\$aW1811-111$c20190203$lBLL01$h0956
=CAT  \\$a5410$b40$c20190827$lBLL01$h1045
=CAT  \\$a5410$b40$c20190828$lBLL01$h1117
=CAT  \\$a5410$b40$c20190909$lBLL01$h1048
=CAT  \\$a5410$b40$c20190909$lBLL01$h1049
=CAT  \\$aBATCH-UPD$b40$c20191122$lBLL01$h1910
=CAT  \\$aIPL-CLA$c20191231$lBLL01$h2043
=CAT  \\$a8055$b40$c20200826$lBLL01$h1423
=CAT  \\$aBATCH-UPD$b40$c20201118$lBLL01$h1345
=CAT  \\$aIPL-CLA$c20201231$lBLL01$h1534
=CAT  \\$aBATCH-UPD$b00$c20221121$lBLL01$h1335
=CAT  \\$aIPL-CLA$c20221231$lBLL01$h1454
=CAT  \\$a5410$b40$c20230520$lBLL01$h1128
=CFI  0\$aCurrent copyright fee: GBP46.00$c2\0$e01-jan-2023$fGBP46.00$g0$hP$5Uk
=CFI  2\$aPrevious copyright fee: GBP44.00$c2\0$e01-jan-2021$fGBP44.00$g0$hP$5Uk
=EST  \\$a1
=FFP  \\$aY$bBLDSS-3PM
=FIN  \\$aY$d20160831
=FMT  \\$a  SE
=LAS  \\$a5410$b40$c20230520$lBLL01$h1128
=LET  \0$aActa chirurgica Belgica (Electronic)
=LKR  \\$aPAR$b009184856$lBLL01$nActa chirurgica Belgica (Print)$mActa chirurgica Belgica (Online)$r776
=MNI  \\$a0001-5458
=SID  \\$aZ39$bOCLC
=TOC  \\$aETOC

