=LDR  03270cas a2200793 i 4500
=001  018015681
=003  Uk
=005  20230511163124.0
=007  ta
=008  141119c20149999sa\qr\p\\\\\\\0\\\a0eng\\
=010  \\$a  2016243285
=016  7\$a101646666$2DNLM
=022  \\$y2312-0053
=035  \\$a(OCoLC)953244415
=040  \\$aNLM$beng$cNLM$dOCLCO$dUk$erda
=042  \\$apcc
=060  00$aW1$bSO925H
=082  04$a616.905$223
=245  00$aSouthern African journal of infectious diseases.
=246  1\$aSAJID
=246  17$aSouth Afr j infect dis
=264  \1$a[Centurion] :$bMedpharm Publications (Pty) Ltd.,$c2014-
=300  \\$billustrations (black and white, and colour) ;$c30 cm
=310  \\$aQuarterly
=336  \\$atext$btxt$2rdacontent
=337  \\$aunmediated$bn$2rdamedia
=338  \\$avolume$bnc$2rdacarrier
=362  1\$aBegan with: Vol. 29, no. 1 (2014).
=510  0\$aPubMed,$bSelected citations only
=530  \\$aAlso issued online.
=540  \\$aCurrent copyright fee: zero$c2\0$5Uk
=588  \\$aDescription based on: Volume 31, number 1 (2016); title from cover.
=588  \\$aLatest issue consulted: Volume 31, number 1 (2016).
=650  \0$aEpidemiology$vPeriodicals.
=650  \0$aCommunicable diseases$vPeriodicals.
=650  \0$aSexually transmitted diseases$vPeriodicals.
=650  12$aCommunicable Diseases.
=655  \2$aPeriodicals.
=710  2\$aFederation of Infectious Diseases Societies of South Africa,$eissuing body.
=710  2\$aPublic Health Association of South Africa,$eissuing body.
=776  08$iAlso issued online as:$tSouthern African journal of infectious diseases$x2313-1810
=780  00$tSouthern African journal of epidemiology & infection$x1015-8782
=852  11$aBritish Library$bSTI$k(P)$h616.905$m-E(1)$3Vol. 30, No. 1 (2014)-v. 33, no. 4 (2018)
=856  \\$31850-9999$uhttp://www.tandfonline.com/$xBLDSS
=945  \\$aSouthern African journal of infectious diseases.
=979  \\$aBritish Library$bDSC$j8352.593260N
=985  \\$aISSN record still Work on portal 09/16
=ACF  \\$aPrevious copyright fee: GBP30.00$c2\0$e01-jan-2018$fGBP30.00$g0$hP$5Uk
=ACF  \\$aPrevious copyright fee: GBP28.00$c2\0$e28-mar-2017$fGBP28.00$g0$hP$5Uk
=CAT  \\$a8124$b40$c20160920$lBLL01$h0943
=CAT  \\$a5552$b40$c20170328$lBLL01$h1108
=CAT  \\$aBLDSS-3PM$b00$c20170405$lBLL01$h1059
=CAT  \\$aBATCH-UPD$b00$c20170405$lBLL01$h1102
=CAT  \\$a8124$b40$c20171026$lBLL01$h1445
=CAT  \\$aBATCH-UPD$b40$c20171121$lBLL01$h1651
=CAT  \\$aIPL-CLA$c20171231$lBLL01$h1833
=CAT  \\$aBATCH-UPD$b00$c20181217$lBLL01$h1641
=CAT  \\$aIPL-CLA$c20181231$lBLL01$h1555
=CAT  \\$a5552$b40$c20190212$lBLL01$h1116
=CAT  \\$aBATCH-FIX$c20230511$lBLL01$h1631
=CFI  0\$aCurrent Copyright Fee: zero$c2\0$e12-feb-2019$fGBP0.00$g0$hP$5Uk
=CFI  2\$aPrevious copyright fee: GBP32.00$c2\0$e01-jan-2019$fGBP32.00$g0$hP$5Uk
=FFP  \\$aY$bBLDSS-3PM
=FIN  \\$aY$d20160920
=FMT  \\$a  SE
=LAS  \\$aBATCH-FIX$b00$c20230511$lBLL01$h1631
=LKR  \\$aPAR$b009881526$lBLL01$nSouthern African journal of epidemiology & infection$r78000$mSouthern African journal of infectious diseases.
=SID  \\$aZ39$bOCLC
=TOC  \\$aETOC

