=LDR  03539cas a2200781 i 4500
=001  018019263
=003  Uk
=005  20231017104120.0
=007  ta
=008  160921c20169999ja\fr\p\\\\\\\0\\\d0jpn\\
=022  \\$y2424-0680
=040  \\$aUk$beng$cUk$erda
=041  0\$ajpn$aeng$bjpn$beng
=042  \\$aukblsr
=082  04$a001.3$223
=130  0\$aŌita Daigaku Kyōiku Gakubu kenkyū kiyō (2016)
=245  10$aŌita Daigaku Kyōiku Gakubu kenkyū kiyō =$bthe research bulletin of the Faculty of Education Oita University.
=246  31$aResearch bulletin of the Faculty of Education Oita University
=264  \1$aOita, Japan :$bFaculty of Education, Oita University,$c2016-
=300  \\$billustrations (black and white, and colour), maps (black and white, and colour) ;$c28 cm
=336  \\$atext$2rdacontent
=337  \\$aunmediated$2rdamedia
=338  \\$avolume$2rdacarrier
=362  0\$aVol. 38, no. 1 (September 2016)-
=540  \\$aCurrent Copyright Fee: GBP25.00$c0$5Uk
=546  \\$aChiefly in Japanese, with some English articles. Abstracts and contents pages in Japanese and English.
=650  \0$aHumanities$zJapan$vPeriodicals.
=650  \0$aSocial sciences$zJapan$vPeriodicals.
=650  \0$aEducation$xResearch$vPeriodicals.
=710  2\$aŌita Daigaku.$bKyōiku Gakubu,$eissuing body.
=780  00$tŌita Daigaku Kyōiku Fukushi Kagakubu kenkyū kiyō$x1345-0875
=852  41$aBritish Library$bDSC$j6252.735250$3Vol. 38, no. 1 (2016)-v. 45, no. 1 (2023)
=945  \\$aOita Daigaku Kyoiku Gakubu kenkyu kiyo
=959  \\$fHeld but not currently received
=985  \\$aISSN still work record on Portal 21/9/16 Reversion of title
=ACF  \\$aPrevious copyright fee: GBP12.30$c0$e22-sep-2016$fGBP12.30$g0$hA$5Uk
=ACF  \\$aPrevious Copyright Fee: GBP15.00$c0$e01-jan-2017$fGBP15.00$g0$hA$5Uk
=ACF  \\$aPrevious Copyright Fee: GBP17.50$c0$e01-jan-2018$fGBP17.50$g0$hA$5Uk
=ACF  \\$aPrevious Copyright Fee: GBP20.00$c0$e01-jan-2020$fGBP20.00$g0$hA$5Uk
=CAT  \\$a8124$b40$c20160921$lBLL01$h1426
=CAT  \\$a8124$b40$c20160921$lBLL01$h1432
=CAT  \\$a8124$b40$c20160921$lBLL01$h1436
=CAT  \\$a11385$b40$c20160922$lBLL01$h1441
=CAT  \\$a11385$b40$c20160922$lBLL01$h1442
=CAT  \\$a11385$b40$c20160922$lBLL01$h1501
=CAT  \\$a11385$b40$c20160922$lBLL01$h1541
=CAT  \\$a11385$b40$c20160922$lBLL01$h1544
=CAT  \\$aBATCH-CLA$b00$c20161222$lBLL01$h1840
=CAT  \\$aBATCH-UPD$b00$c20161224$lBLL01$h1540
=CAT  \\$aIPL-CLA$c20161231$lBLL01$h0026
=CAT  \\$aBATCH-UPD$b00$c20170127$lBLL01$h1632
=CAT  \\$aBATCH-CLA$b00$c20171222$lBLL01$h2221
=CAT  \\$aIPL-CLA$c20171231$lBLL01$h1833
=CAT  \\$aBATCH-CLA$b00$c20191219$lBLL01$h1804
=CAT  \\$aIPL-CLA$c20191231$lBLL01$h2043
=CAT  \\$aR2001-1524$c20200127$lBLL01$h2108
=CAT  \\$aBATCH-CLA$b00$c20201204$lBLL01$h1616
=CAT  \\$aIPL-CLA$c20201231$lBLL01$h1534
=CAT  \\$aBATCH-CLA$b00$c20221221$lBLL01$h1933
=CAT  \\$aIPL-CLA$c20221231$lBLL01$h1454
=CAT  \\$a11385$b40$c20231017$lBLL01$h1041
=CFI  0\$aCurrent Copyright Fee: GBP25.00$c0$e01-jan-2023$fGBP25.00$g0$hA$5Uk
=CFI  2\$aPrevious Copyright Fee: GBP22.50$c0$e01-jan-2021$fGBP22.50$g0$hA$5Uk
=FIN  \\$aY$d20160921
=FMT  \\$a  SE
=LAS  \\$a11385$b40$c20231017$lBLL01$h1041
=LKR  \\$aPAR$b009217074$lBLL01$nŌita Daigaku Kyōiku Fukushi Kagakubu kenkyū kiyō$mŌita Daigaku Kyōiku Gakubu kenkyū kiyō$r78000
=TOC  \\$aETOC

