=LDR  01353 as a2200397 i 4500
=001  018020835
=003  Uk
=005  20160926094508.0
=007  ta
=008  160923c20119999enkmr\p\\\\\\\0\\\a0eng\\
=015  \\$aGBB6D1865$2bnb
=040  \\$aUk$beng$cUk$erda
=042  \\$aukblsr
=082  04$a302.2305$223
=245  00$aNew media and mass communication /$cInternational Institute for Science, Technology & Education.
=246  13$aNMMC
=264  \1$aKnightsbridge, London, UK :$bEASTE Ltd.,$c2011-
=300  \\$billustrations (black and white) ;$c30 cm
=310  \\$aMonthly
=336  \\$atext$2rdacontent
=337  \\$aunmediated$2rdamedia
=338  \\$avolume$2rdacarrier
=362  0\$aVol. 1, no. 1 (February 2011)-
=530  \\$aIssued also online.
=650  \0$aMass media$vPeriodicals.
=650  \0$aMass media$xSocial aspects$vPeriodicals.
=710  2\$aInternational Institute for Science, Technology & Education.
=852  41$aBritish Library$bHMNTS$jZC.9.b.10283$3Vol. 1, no. 1 (Feb. 2011)
=985  \\$aISSN Centre note: Please do not assign ISSN.
=CAT  \\$a11205$b40$c20160923$lBLL01$h1404
=CAT  \\$a11205$b40$c20160923$lBLL01$h1412
=CAT  \\$a11205$b40$c20160923$lBLL01$h1444
=CAT  \\$a11205$b40$c20160926$lBLL01$h0945
=FIN  \\$aY$d20160923
=FMT  \\$a  SE
=LAS  \\$a11205$b40$c20160926$lBLL01$h0945

