=LDR  01209 as a2200361 i 4500
=001  018021918
=003  Uk
=005  20160926115754.0
=007  ta
=008  160926c20119999enkmr\p\\\\\\\0\\\a0eng\\
=015  \\$aGBB6D1907$2bnb
=040  \\$aUk$beng$cUk$erda
=042  \\$aukblsr
=082  04$a620.001171$223
=245  00$aInnovative systems design and engineering /$cInternational Institute for Science, Technology & Education.
=246  13$aISDE
=264  \1$aKnightsbridge, London, UK :$bEASTE Ltd.,$c2011-
=300  \\$billustrations (colour) ;$c30 cm
=310  \\$aMonthly
=336  \\$atext$2rdacontent
=337  \\$aunmediated$2rdamedia
=338  \\$avolume$2rdacarrier
=362  0\$aVol. 1, no. 1 (February 2011)-
=530  \\$aIssued also online.
=650  \0$aSystems engineering$vPeriodicals.
=710  2\$aInternational Institute for Science, Technology & Education.
=852  41$aBritish Library$bHMNTS$jZC.9.b.10266$3Vol. 1, no. 1 (Feb. 2011)
=985  \\$aISSN Centre note: Please do not assign ISSN.
=CAT  \\$a11205$b40$c20160926$lBLL01$h0945
=CAT  \\$a11205$b40$c20160926$lBLL01$h1157
=FIN  \\$aY$d20160926
=FMT  \\$a  SE
=LAS  \\$a11205$b40$c20160926$lBLL01$h1157

