=LDR  01408 as a2200397 i 4500
=001  018021940
=003  Uk
=005  20160926115749.0
=007  ta
=008  160926c20119999enk\x\p\\\\\\\0\\\a0eng\\
=015  \\$aGBB6D1917$2bnb
=040  \\$aUk$beng$cUk$erda
=042  \\$aukblsr
=082  04$a338.9005$223
=245  00$aJournal of economics and sustainable development /$cInternational Institute for Science, Technology & Education.
=246  13$aJESD
=264  \1$aKnightsbridge, London, UK :$bEASTE Ltd.,$c2011-
=300  \\$billustrations (black and white, and colour) ;$c30 cm
=310  \\$aFrequency varies
=336  \\$atext$2rdacontent
=337  \\$aunmediated$2rdamedia
=338  \\$avolume$2rdacarrier
=362  0\$aVol. 1, no. 1 (February 2011)-
=530  \\$aIssued also online.
=650  \0$aEconomic development$vPeriodicals.
=650  \0$aSustainable development$vPeriodicals.
=690  7\$aManagement and Business Studies$2blcoll
=710  2\$aInternational Institute for Science, Technology & Education.
=852  41$aBritish Library$bHMNTS$jZC.9.b.10264$3Vol. 1, no. 1 (Feb. 2011)
=985  \\$aISSN Centre note: Please do not assign ISSN.
=CAT  \\$a11205$b40$c20160926$lBLL01$h1031
=CAT  \\$a11205$b40$c20160926$lBLL01$h1157
=CAT  \\$aBATCH-MBS$c20160930$lBLL01$h2133
=FIN  \\$aY$d20160926
=FMT  \\$a  SE
=LAS  \\$aBATCH-MBS$b00$c20160930$lBLL01$h2133

