=LDR  01341 as a2200373 i 4500
=001  018021978
=003  Uk
=005  20160926115735.0
=007  ta
=008  160926c20119999enk\x\p\\\\\\\0\\\a0eng\\
=015  \\$aGBB6D1942$2bnb
=040  \\$aUk$beng$cUk$erda
=042  \\$aukblsr
=082  04$a407.1$223
=130  0\$aLanguage teaching and learning (London, England : 2011)
=245  10$aLanguage teaching and learning /$cInternational Institute for Science, Technology & Education.
=246  13$aLTL
=264  \1$aKnightsbridge, London, UK :$bEASTE Ltd.,$c2011-
=300  \\$billustrations (black and white, and colour), maps (black and white) ;$c30 cm
=310  \\$aFrequency varies
=336  \\$atext$2rdacontent
=337  \\$aunmediated$2rdamedia
=338  \\$avolume$2rdacarrier
=362  0\$aVol. 1, no. 1 (February 2011)-
=530  \\$aIssued also online.
=650  \0$aLanguage and languages$xStudy and teaching$vPeriodicals.
=710  2\$aInternational Institute for Science, Technology & Education.
=852  41$aBritish Library$bHMNTS$jZC.9.b.10261$3Vol. 1, no. 1 (Feb. 2011)
=985  \\$aISSN Centre note: Please do not assign ISSN.
=CAT  \\$a11205$b40$c20160926$lBLL01$h1121
=CAT  \\$a11205$b40$c20160926$lBLL01$h1157
=FIN  \\$aY$d20160926
=FMT  \\$a  SE
=LAS  \\$a11205$b40$c20160926$lBLL01$h1157

