=LDR  01285 as a2200361 i 4500
=001  018021984
=003  Uk
=005  20160926120111.0
=007  ta
=008  160926c201u9999enkar\p\\\\\\\0\\\a0eng\\
=040  \\$aUk$beng$cUk$erda
=042  \\$aukblsr
=082  04$a720$223
=245  00$aArchitecture and engineering :$binternational scientific journal.
=264  \1$a[London, England] :$b[Adeo Media LLP],$c[2012?]-
=300  \\$billustrations (black and white) ;$c23 cm
=310  \\$aAnnual
=336  \\$atext$2rdacontent
=337  \\$aunmediated$2rdamedia
=338  \\$avolume$2rdacarrier
=588  \\$aDescription based on: vol. 2 (2014).
=650  \0$aArchitecture$vPeriodicals.
=852  41$aBritish Library$bHMNTS$jZK.9.a.15168$3Vol. 2 (2014)
=985  \\$aISSN UK Note: Vol. 2 (2014) received via ISSN UK Centre - see correspondence on file in Centre dated May 2015.
=CAT  \\$a10806$b40$c20160926$lBLL01$h1130
=CAT  \\$a10806$b40$c20160926$lBLL01$h1131
=CAT  \\$a10806$b40$c20160926$lBLL01$h1133
=CAT  \\$a10806$b40$c20160926$lBLL01$h1151
=CAT  \\$a10806$b40$c20160926$lBLL01$h1201
=FIN  \\$aY$d20160926
=FMT  \\$a  SE
=LAS  \\$a10806$b40$c20160926$lBLL01$h1201
=LET  \0$aInternational scientific journal, architecture and engineering

