=LDR  01237cas a2200337 i 4500
=001  018022014
=003  Uk
=005  20220930164334.0
=007  ta
=008  160926d201u2015enkfr\p\\\\\\\0\\\a0eng\\
=040  \\$aUk$beng$cUk$erda
=042  \\$aukblsr
=082  04$a500$223
=130  0\$aJournal of environmental science (London, England)
=245  10$aJournal of environmental science :$binternational scientific journal.
=264  \1$a[London, England] :$b[Adeo Media LLP],$c[2012?]-
=300  \\$billustrations (black and white) ;$c28 cm
=310  \\$aSemiannual
=336  \\$atext$2rdacontent
=337  \\$aunmediated$2rdamedia
=338  \\$avolume$2rdacarrier
=588  \\$aDescription based on: vol. 3 (2014).
=650  \0$aEnvironmental sciences$vPeriodicals.
=852  41$aBritish Library$bHMNTS$jZC.9.b.10268$3Vol. 3 (2014)-v. 4 (2015)
=985  \\$aISSN UK Note: Vol. 3 (2014) received via ISSN UK Centre - see correspondence on file in Centre dated May 2015.
=CAT  \\$a10806$b40$c20160926$lBLL01$h1200
=CAT  \\$a7764$b40$c20220930$lBLL01$h1643
=FIN  \\$aY$d20160926
=FMT  \\$a  SE
=LAS  \\$a7764$b40$c20220930$lBLL01$h1643
=LET  \0$aInternational scientific journal, journal of environmental science

