=LDR  01255cas a2200361 i 4500
=001  018022121
=003  Uk
=005  20221011130712.0
=007  ta
=008  160926d20122012enkuu\p\\\\\\\0\\\a0eng\\
=015  \\$aGBB6D2039$2bnb
=040  \\$aUk$beng$cUk$erda
=042  \\$aukblsr
=082  04$a505$223
=245  00$aEuropean international journal of science and technology /$cCenter for Enhancing Knowledge, UK.
=246  30$aEIJST
=264  \1$aLozells, Birmingham, United Kingdom :$bCenter for Enhancing Knowledge (CEK), UK,$c2012-2012
=300  \\$billustrations (black and white, and colour) ;$c29 cm
=336  \\$atext$2rdacontent
=337  \\$aunmediated$2rdamedia
=338  \\$avolume$2rdacarrier
=362  0\$aVol: 1, no: 1 (June 2012)-
=530  \\$aIssued also online.
=650  \0$aScience$vPeriodicals.
=710  2\$aCenter for Enhancing Knowledge, UK,$eissuing body.
=852  41$aBritish Library$bHMNTS$jZC.9.b.10285$3Vol. 1, no. 1 (Jun. 2012)
=985  \\$aISSN Centre note: Please do not assign ISSN.
=CAT  \\$a11205$b40$c20160926$lBLL01$h1529
=CAT  \\$a11205$b40$c20160928$lBLL01$h1232
=CAT  \\$a6490$b40$c20221011$lBLL01$h1307
=FIN  \\$aY$d20160926
=FMT  \\$a  SE
=LAS  \\$a6490$b40$c20221011$lBLL01$h1307

