=LDR  01475cas a2200409 i 4500
=001  018022122
=003  Uk
=005  20221011130614.0
=007  ta
=008  160926d20122012enkuu\p\\\\\\\0\\\a0eng\\
=015  \\$aGBB6D2038$2bnb
=040  \\$aUk$beng$cUk$erda
=042  \\$aukblsr
=082  04$a338.905$223
=245  00$aInternational journal of arts and commerce /$cCenter for Enhancing Knowledge, UK.
=246  30$aIJAC
=264  \1$aLozells, Birmingham, United Kingdom :$bCenter for Enhancing Knowledge (CEK), UK,$c2012-2012
=300  \\$billustrations (black and white), maps (black and white) ;$c29 cm
=336  \\$atext$2rdacontent
=337  \\$aunmediated$2rdamedia
=338  \\$avolume$2rdacarrier
=362  0\$aVol: 1, no: 1 (June 2012)-
=530  \\$aIssued also online.
=650  \0$aEconomic development$vPeriodicals.
=650  \0$aArts$xEconomic aspects$vPeriodicals.
=690  7\$aManagement and Business Studies$2blcoll
=710  2\$aCenter for Enhancing Knowledge, UK,$eissuing body.
=852  41$aBritish Library$bHMNTS$jZC.9.b.10284$3Vol. 1, no. 1 (Jun. 2012)
=985  \\$aISSN Centre note: Please do not assign ISSN.
=CAT  \\$a11205$b40$c20160926$lBLL01$h1529
=CAT  \\$a8871$b40$c20160928$lBLL01$h0705
=CAT  \\$a11205$b40$c20160928$lBLL01$h1232
=CAT  \\$aBATCH-MBS$c20161007$lBLL01$h2056
=CAT  \\$a6490$b40$c20221011$lBLL01$h1306
=FIN  \\$aY$d20160926
=FMT  \\$a  SE
=LAS  \\$a6490$b40$c20221011$lBLL01$h1306

