=LDR  00991cas a2200313 i 4500
=001  018022141
=003  Uk
=005  20160926162712.0
=007  ta
=008  160926c20149999enkuu\p\\\\\\\0\\\a0eng\\
=015  \\$aGBB6D2056$2bnb
=040  \\$aUk$beng$cUk$erda
=042  \\$aukblsr
=082  04$a505$223
=245  00$aInternational journal of advanced technology and science.
=246  13$aIJATS
=264  \1$aSouth Shields, United Kingdom :$bPost Academic Publishers (PAP),$c2014-
=300  \\$billustrations (black and white) ;$c29 cm
=336  \\$atext$2rdacontent
=337  \\$aunmediated$2rdamedia
=338  \\$avolume$2rdacarrier
=362  0\$aVol. no. 1, no. 1 (March 2014)-
=650  \0$aScience$vPeriodicals.
=852  41$aBritish Library$bHMNTS$jZC.9.b.10281$3Vol, 1, no. 1 (Mar. 2014)
=985  \\$aISSN Centre note: Please do not assign ISSN.
=CAT  \\$a11205$b40$c20160926$lBLL01$h1627
=FIN  \\$aY$d20160926
=FMT  \\$a  SE
=LAS  \\$a11205$b40$c20160926$lBLL01$h1627

