=LDR  01139cas a2200349 i 4500
=001  018022319
=003  Uk
=005  20160927090751.0
=007  ta
=008  160927c20129999enkuu\p\\\\\\\0\\\a0eng\\
=015  \\$aGBB6D2402$2bnb
=040  \\$aUk$beng$cUk$erda
=042  \\$aukblsr
=082  04$a338.47615105$223
=245  00$aGlobal information.$pPharmaceutical news.
=246  30$aPharmaceutical news
=264  \1$aLondon :$bGlobal Media Information Limited,$c2012-
=300  \\$billustrations (colour) ;$c28 cm
=336  \\$atext$2rdacontent
=337  \\$aunmediated$2rdamedia
=338  \\$avolume$2rdacarrier
=362  0\$aVol. 1, no. 1 (Nov 2012)-
=500  \\$a"Published by Golobalmedia"--cover.
=650  \0$aPharmaceutical industry$vPeriodicals.
=690  7\$aManagement and Business Studies$2blcoll
=852  41$aBritish Library$bHMNTS$jZC.9.b.10282$3Vol. 1, no. 1 (Nov. 2012)
=985  \\$aISSN Centre note: Please do not assign ISSN.
=CAT  \\$a11205$b40$c20160927$lBLL01$h0907
=CAT  \\$aBATCH-MBS$c20160930$lBLL01$h2133
=FIN  \\$aY$d20160927
=FMT  \\$a  SE
=LAS  \\$aBATCH-MBS$b00$c20160930$lBLL01$h2133

