=LDR  01349cas a2200397 i 4500
=001  018022450
=003  Uk
=005  20160927141339.0
=007  ta
=008  160927c20139999enkfr\p\\\\\\\0\\\a0eng\\
=015  \\$aGBB6D2471$2bnb
=022  0\$y2052-2576
=040  \\$aUk$beng$cUk$erda
=042  \\$aukblsr
=082  04$a658.05$223
=245  00$aModern management science & engineering.
=246  3\$aModern management science and engineering
=264  \1$aLondon, United Kingdom :$bScholink,$c2013-
=300  \\$billustrations (black and white) ;$c29 cm
=310  \\$aSemiannual
=336  \\$atext$2rdacontent
=337  \\$aunmediated$2rdamedia
=338  \\$avolume$2rdacarrier
=362  0\$aVol. 1, no. 1 (February 2013)-
=650  \0$aManagement science$vPeriodicals.
=650  \0$aIndustrial engineering$vPeriodicals.
=690  7\$aManagement and Business Studies$2blcoll
=776  08$iAlso issued online as:$tModern management science & engineering$x2052-2576
=852  41$aBritish Library$bHMNTS$jZC.9.b.10280$3Vol. 1, no. 1 (Feb. 2013)
=985  \\$aISSN Centre note: Please do not assign ISSN.
=CAT  \\$a11205$b40$c20160927$lBLL01$h1410
=CAT  \\$a11205$b40$c20160927$lBLL01$h1413
=CAT  \\$aBATCH-MBS$c20161007$lBLL01$h2056
=FIN  \\$aY$d20160927
=FMT  \\$a  SE
=LAS  \\$aBATCH-MBS$b00$c20161007$lBLL01$h2056

