=LDR  01329cas a2200397 i 4500
=001  018028891
=003  Uk
=005  20160930121540.0
=007  ta
=008  160930c20119999enkqr\p\\\\\\\0\\\a0eng\\
=015  \\$aGBB6D4545$2bnb
=040  \\$aUk$beng$cUk$erda
=042  \\$aukblsr
=082  04$a025.105$223
=245  00$aJournal of information organization.
=246  30$aJIO
=264  \1$aIlford, London, U.K. :$bDigital Information Research Foundation,$c2011-
=300  \\$billustrations (black and white) ;$c29 cm.
=310  \\$aQuarterly
=336  \\$atext$2rdacontent
=337  \\$aunmediated$2rdamedia
=338  \\$avolume$2rdacarrier
=362  0\$aVolume 1, number 1 (March 2011)-
=490  0\$aA DLINE journal
=650  \0$aInformation organization$vPeriodicals.
=650  \0$aInformation resources management$vPeriodicals.
=710  2\$aDigital Information Research Foundation,$eissuing body.
=852  41$aBritish Library$bHMNTS$jZC.9.b.10270$3Vol. 1, no. 1 (Mar. 2011)
=985  \\$aISSN Centre note: Please do not assign ISSN.
=CAT  \\$a11205$b40$c20160930$lBLL01$h0914
=CAT  \\$a11205$b40$c20160930$lBLL01$h0918
=CAT  \\$a11205$b40$c20160930$lBLL01$h0921
=CAT  \\$a8871$b40$c20160930$lBLL01$h1215
=FIN  \\$aY$d20160930
=FMT  \\$a  SE
=LAS  \\$a8871$b40$c20160930$lBLL01$h1215

