=LDR  01211cas a2200373 i 4500
=001  018028893
=003  Uk
=005  20160930092111.0
=007  ta
=008  160930c20119999enkqr\p\\\\\\\0\\\a0eng\\
=015  \\$aGBB6D4547$2bnb
=040  \\$aUk$beng$cUk$erda
=042  \\$aukblsr
=082  04$a004.05$223
=245  00$aJournal of data processing.
=246  30$aJDP
=264  \1$aIlford, London, U.K. :$bDigital Information Research Foundation,$c2011-
=300  \\$billustrations (black and white) ;$c29 cm.
=310  \\$aQuarterly
=336  \\$atext$2rdacontent
=337  \\$aunmediated$2rdamedia
=338  \\$avolume$2rdacarrier
=362  0\$aVolume 1, number 1 (March 2011)-
=490  0\$aA DLINE journal
=650  \0$aElectronic data processing$vPeriodicals.
=710  2\$aDigital Information Research Foundation,$eissuing body.
=852  41$aBritish Library$bHMNTS$jZC.9.b.10269$3Vol. 1, no. 1 (Mar. 2011)
=985  \\$aISSN Centre note: Please do not assign ISSN.
=CAT  \\$a11205$b40$c20160930$lBLL01$h0914
=CAT  \\$a11205$b40$c20160930$lBLL01$h0918
=CAT  \\$a11205$b40$c20160930$lBLL01$h0921
=FIN  \\$aY$d20160930
=FMT  \\$a  SE
=LAS  \\$a11205$b40$c20160930$lBLL01$h0921

