=LDR  01088cas a2200349 i 4500
=001  018035998
=003  Uk
=005  20161003162207.0
=007  ta
=008  161003c20129999enkuu\p\\\\\\\0\\\a0eng\\
=015  \\$aGBB6D4660$2bnb
=040  \\$aUk$beng$cUk$erda
=042  \\$aukblsr
=082  04$a616.89005$223
=130  0\$aJournal of psychiatry (London, England)
=245  10$aJournal of psychiatry.
=264  \1$aLondon, United Kingdom :$bMarc & John UK Publishing,$c2012-
=300  \\$c29 cm
=336  \\$atext$2rdacontent
=337  \\$aunmediated$2rdamedia
=338  \\$avolume$2rdacarrier
=362  0\$aVol. 1, no. 1 (October 10, 2012)-
=530  \\$aIssued also online.
=650  \0$aPsychiatry$vPeriodicals.
=852  41$aBritish Library$bHMNTS$jZC.9.b.10277$3Vol. 1, no. 1 (Oct. 2012)
=985  \\$aISSN Centre note: Please do not assign ISSN.
=CAT  \\$a11205$b40$c20161003$lBLL01$h1538
=CAT  \\$a11205$b40$c20161003$lBLL01$h1540
=CAT  \\$a11205$b40$c20161003$lBLL01$h1622
=FIN  \\$aY$d20161003
=FMT  \\$a  SE
=LAS  \\$a11205$b40$c20161003$lBLL01$h1622

