=LDR  01037cas a2200325 i 4500
=001  018036031
=003  Uk
=005  20161003162241.0
=007  ta
=008  161003c20129999enkuu\p\\\\\\\0\\\a0eng\\
=015  \\$aGBB6D4668$2bnb
=040  \\$aUk$beng$cUk$erda
=042  \\$aukblsr
=082  04$a573.805$223
=245  00$aMolecular neurosciences.
=264  \1$aLondon, United Kingdom :$bMarc & John UK Publishing,$c2012-
=300  \\$billustrations (black and white, and colour) ;$c29 cm
=336  \\$atext$2rdacontent
=337  \\$aunmediated$2rdamedia
=338  \\$avolume$2rdacarrier
=362  0\$aVol. 1, no. 1 (October 10, 2012)-
=530  \\$aIssued also online.
=650  \0$aMolecular neurobiology$vPeriodicals.
=650  \0$aNeurosciences$vPeriodicals.
=852  41$aBritish Library$bHMNTS$jZC.9.b.10274$3Vol. 1, no. 1 (Oct. 2012)
=985  \\$aISSN Centre note: Please do not assign ISSN.
=CAT  \\$a11205$b40$c20161003$lBLL01$h1622
=FIN  \\$aY$d20161003
=FMT  \\$a  SE
=LAS  \\$a11205$b40$c20161003$lBLL01$h1622

