=LDR  01105 as a2200337 i 4500
=001  018036074
=003  Uk
=005  20161003172052.0
=007  ta
=008  161003c20129999enkuu\p\\\\\\\0\\\a0eng\\
=015  \\$aGBB6D4673$2bnb
=040  \\$aUk$beng$cUk$erda
=042  \\$aukblsr
=082  04$a346.0486$223
=245  00$aJournal of intellectual property.
=264  \1$aLondon, United Kingdom :$bMarc & John UK Publishing,$c2012-
=300  \\$billustrations (black and white, and colour) ;$c29 cm
=336  \\$atext$2rdacontent
=337  \\$aunmediated$2rdamedia
=338  \\$avolume$2rdacarrier
=362  0\$aVol. 1, no. 1 (October 15, 2012)-
=530  \\$aIssued also online.
=650  \0$aIntellectual property$vPeriodicals.
=650  \0$aDrugs$xPatents$vPeriodicals.
=710  2\$aWorld Intellectual Property Organization.
=852  41$aBritish Library$bHMNTS$jZC.9.b.10276$3Vol. 1, no. 1 (Oct. 2015)
=985  \\$aISSN Centre note: Please do not assign ISSN.
=CAT  \\$a11205$b40$c20161003$lBLL01$h1720
=FIN  \\$aY$d20161003
=FMT  \\$a  SE
=LAS  \\$a11205$b40$c20161003$lBLL01$h1720

