=LDR  01255 as a2200373 i 4500
=001  018036662
=003  Uk
=005  20161004164116.0
=007  ta
=008  161004c20129999enkuu\p\\\\\\\0\\\a0eng\\
=015  \\$aGBB6D5063$2bnb
=040  \\$aUk$beng$cUk$erda
=042  \\$aukblsr
=082  04$a338.47796$223
=245  00$aAsian sports science.
=264  \1$aLeigh-on-Sea, Essex, U.K. :$bPPG Stanford Press,$c2012-
=300  \\$billustrations (black and white) ;$c30 cm
=336  \\$atext$2rdacontent
=337  \\$aunmediated$2rdamedia
=338  \\$avolume$2rdacarrier
=362  0\$aVol. 1, no. 1 (March 2012)-
=530  \\$aIssued also online.
=650  \0$aSports$xEconomic aspects$vPeriodicals.
=650  \0$aSports$xSocial aspects$vPeriodicals.
=650  \0$aSports sciences$vPeriodicals.
=690  7\$aManagement and Business Studies$2blcoll
=852  41$aBritish Library$bHMNTS$jZC.9.b.10256$3Vol. 1, no. 1 (Mar. 2012)
=985  \\$aISSN Centre note: Please do not assign ISSN.
=985  \\$aNo Asian subject focus. Articles written by Asian authors.
=CAT  \\$a11205$b40$c20161004$lBLL01$h1641
=CAT  \\$aBATCH-MBS$c20161014$lBLL01$h2058
=FIN  \\$aY$d20161004
=FMT  \\$a  SE
=LAS  \\$aBATCH-MBS$b00$c20161014$lBLL01$h2058

