=LDR  02124cas a2200577 i 4500
=001  018041310
=003  Uk
=005  20210224110402.0
=006  m\\\\\\\\d\|||||||
=007  cr\|||||||||||
=008  161005c20169999enkar\poo\\\\\0\\\a0eng\\
=015  \\$aGBB8A4879$2bnb
=022  \\$a2473-4306
=037  \\$aISSN_24734306$bPortico$nTaylor & Francis
=040  \\$aUk$beng$cUk$erda
=042  \\$aukblsr
=082  04$a615.9005$223
=245  00$aToxicology communications.
=264  \1$a[Abingdon] :$bInforma UK Limited, trading as Taylor & Francis Group,$c2016-
=336  \\$atext$2rdacontent
=337  \\$acomputer$2rdamedia
=338  \\$aonline resource$2rdacarrier
=362  0\$aVolume 1, issue 1 (2017)-
=500  \\$aTitle from home page; Taylor & Francis Online, viewed June 8, 2018.
=500  \\$aArticles added as received to volume in progress.
=540  \\$aCurrent copyright fee: zero$c2\0$5Uk
=588  \\$aLatest issue consulted: volume 2, issue 1 (2018).
=650  \0$aToxicology$vPeriodicals.
=852  41$aBritish Library$bHMNTS$jELD Digital store$3Volume 1:Issue 1(2017)-
=856  \\$31850-9999$uhttp://www.tandfonline.com/$xBLDSS
=856  40$uhttps://www.tandfonline.com/toc/ttxc20/current
=859  \\$aELD$bejournal
=945  \\$aToxicology communications.
=979  \\$aBritish Library$bDSC$j8873.041250N
=985  \\$aU.S. work record on ISSN Portal. Please add key title when validated.
=CAT  \\$a5552$b40$c20161005$lBLL01$h1103
=CAT  \\$aBLDSS-3PM$b00$c20161102$lBLL01$h1054
=CAT  \\$aBATCH-UPD$b00$c20161102$lBLL01$h1103
=CAT  \\$a10983$b40$c20180602$lBLL01$h0958
=CAT  \\$a11205$b40$c20180608$lBLL01$h1355
=CAT  \\$a5410$b40$c20210219$lBLL01$h2208
=CAT  \\$a5410$b40$c20210224$lBLL01$h1103
=CAT  \\$a5410$b40$c20210224$lBLL01$h1104
=CFI  0\$aCurrent copyright fee: zero$c2\0$e05-oct-2016$fGBP0.00$g0$hP$5Uk
=FFP  \\$aY$bBLDSS-3PM
=FIN  \\$aY$d20180608
=FMT  \\$a  SE
=LAS  \\$a5410$b40$c20210224$lBLL01$h1104
=LET  \0$aToxicology communications (Electronic)
=MNI  \\$a2473-4306
=TOC  \\$aETOC

