=LDR  01631cas a2200409 i 4500
=001  018049225
=003  Uk
=005  20161007123320.0
=007  ta
=008  161007c20139999enkuu\p\\\\\\\0\\\a0eng\\
=015  \\$aGBB6D9461$2bnb
=040  \\$aUk$beng$cUk$erda
=042  \\$aukblsr
=082  04$a370.5$223
=245  00$aInternational journal for innovation education and research.
=246  30$aIJIER
=264  \1$aNewcastle upon Tyne, Tyne & Wear, United Kingdom :$bInternational Educative Research Foundation and Publisher,$c[2013]-
=300  \\$billustrations (black and white) ;$c30 cm
=336  \\$atext$2rdacontent
=337  \\$aunmediated$2rdamedia
=338  \\$avolume$2rdacarrier
=362  1\$aBegan in 2013.
=530  \\$aIssued also online.
=588  \\$aDescription based on: volume 1, number 2, published 2013.
=588  \\$aLatest issue consulted: volume 1, number 3, publsihed 2013.
=650  \0$aEducation$vPeriodicals.
=650  \0$aEducation$xResearch$vPeriodicals.
=650  \0$aEducational innovations$vPeriodicals.
=710  2\$aInternational Educative Research Foundation and Publisher.
=852  41$aBritish Library$bHMNTS$jZC.9.b.10255$3Vol. 1, no. 2 (2013)-v. 1 no. 3 (2013)
=985  \\$aISSN Centre note: Please do not assign ISSN.
=985  \\$aAround 50% of the articles in the 2 issues consulted do not have an education/teaching subject focus. They include mental health, terrorism, media, poetry, etc.
=CAT  \\$a11205$b40$c20161007$lBLL01$h1122
=CAT  \\$a8871$b40$c20161007$lBLL01$h1233
=FIN  \\$aY$d20161007
=FMT  \\$a  SE
=LAS  \\$a8871$b40$c20161007$lBLL01$h1233

