=LDR  01309cas a2200349 i 4500
=001  018072350
=003  Uk
=005  20221207140148.0
=007  ta
=008  161021c201u9999enkuu\p\\\\\\\0\\\a0eng\\
=015  \\$aGBB6E4321$2bnb
=040  \\$aUk$beng$cUk$erda
=042  \\$aukblsr
=082  04$a620.005$223
=130  0\$aInternational journal of engineering & technology (Edgbaston, England)
=245  10$aInternational journal of engineering & technology.
=246  3\$aInternational journal of engineering and technology
=264  \1$aEdgbaston, Birmingham, United Kingdom :$bInternational Science and Technology Research Publishing Ltd,$c[2016?]-
=300  \\$billustrations (black and white, and colour) ;$c29 cm
=336  \\$atext$2rdacontent
=337  \\$aunmediated$2rdamedia
=338  \\$avolume$2rdacarrier
=588  \\$aDescription based on: May 2016 issue = volume 2.
=588  \\$aLatest issue consulted: June 2016 = volume 6.
=650  \0$aEngineering$vPeriodicals.
=852  41$aBritish Library$bHMNTS$jZK.9.b.34966$3Vol. 2 (May 2016)-v.9 (2016)
=985  \\$aISSN Centre note: Please do not assign ISSN.
=CAT  \\$a11205$b40$c20161021$lBLL01$h1647
=CAT  \\$a11205$b40$c20221207$lBLL01$h1401
=FIN  \\$aY$d20161021
=FMT  \\$a  SE
=LAS  \\$a11205$b40$c20221207$lBLL01$h1401

