=LDR  01329cas a2200361 i 4500
=001  018072351
=003  Uk
=005  20221207134215.0
=007  ta
=008  161021c201u9999enkuu\p\\\\\\\0\\\a0eng\\
=015  \\$aGBB6E4322$2bnb
=040  \\$aUk$beng$cUk$erda
=042  \\$aukblsr
=082  04$a338.502465805$223
=245  00$aInternational journal of economics & management.
=246  3\$aInternational journal of economics and management
=264  \1$aEdgbaston, Birmingham, United Kingdom :$bInternational Science and Technology Research Publishing Ltd,$c[2016?]-
=300  \\$billustrations (black and white) ;$c29 cm
=336  \\$atext$2rdacontent
=337  \\$aunmediated$2rdamedia
=338  \\$avolume$2rdacarrier
=588  \\$aDescription based on: May 2016 issue = volume 2.
=588  \\$aLatest issue consulted: June 2016 = volume 6.
=650  \0$aManagerial economics$vPeriodicals.
=690  7\$aManagement and Business Studies$2blcoll
=852  41$aBritish Library$bHMNTS$jZK.9.b.34950$3Vol. 2 (2016), v. 6 (Jun. 2016)
=985  \\$aISSN Centre note: Please do not assign ISSN.
=CAT  \\$a11205$b40$c20161021$lBLL01$h1648
=CAT  \\$aBATCH-MBS$c20161028$lBLL01$h2114
=CAT  \\$a11205$b40$c20221207$lBLL01$h1342
=FIN  \\$aY$d20161021
=FMT  \\$a  SE
=LAS  \\$a11205$b40$c20221207$lBLL01$h1342

