=LDR  00978 as a2200325 i 4500
=001  018073782
=003  Uk
=005  20161024133659.0
=007  ta
=008  161024c20139999enkqr\p\\\\\\\0\\\a0eng\\
=015  \\$aGBB6E4389$2bnb
=040  \\$aUk$beng$cUk$erda
=042  \\$aukblsr
=082  04$a150.5$223
=245  00$aProgress in psychology.
=246  17$aPP
=264  \1$aHolborn, London, United Kingdom :$bEdinwilsen Press,$c2013-
=300  \\$billustrations (black and white) ;$c29 cm
=310  \\$aQuarterly
=336  \\$atext$2rdacontent
=337  \\$aunmediated$2rdamedia
=338  \\$avolume$2rdacarrier
=362  0\$aVolume 1, issue 1 (December 2013)-
=650  \0$aPsychology$vPeriodicals.
=852  41$aBritish Library$bHMNTS$jZK.9.b.34973$3Vol. 1, issue 1 (Dec. 2013)
=985  \\$aISSN Centre note: Please do not assign ISSN.
=CAT  \\$a11205$b40$c20161024$lBLL01$h1336
=FIN  \\$aY$d20161024
=FMT  \\$a  SE
=LAS  \\$a11205$b40$c20161024$lBLL01$h1336

