=LDR  01085 as a2200349 i 4500
=001  018073799
=003  Uk
=005  20161024135245.0
=007  ta
=008  161024c20139999enkqr\p\\\\\\\0\\\a0eng\\
=015  \\$aGBB6E4391$2bnb
=040  \\$aUk$beng$cUk$erda
=042  \\$aukblsr
=082  04$a330.05$223
=245  00$aAdvances in economics.
=246  17$aAE
=264  \1$aHolborn, London, United Kingdom :$bEdinwilsen Press,$c2013-
=300  \\$billustrations (black and white) ;$c29 cm
=310  \\$aQuarterly
=336  \\$atext$2rdacontent
=337  \\$aunmediated$2rdamedia
=338  \\$avolume$2rdacarrier
=362  0\$aVolume 1, issue 1 (October 2013)-
=650  \0$aEconomics$vPeriodicals.
=690  7\$aManagement and Business Studies$2blcoll
=852  41$aBritish Library$bHMNTS$jZK.9.b.34974$3Vol. 1, issue 1 (Oct. 2013)
=985  \\$aISSN Centre note: Please do not assign ISSN.
=CAT  \\$a11205$b40$c20161024$lBLL01$h1352
=CAT  \\$aBATCH-MBS$c20161104$lBLL01$h2100
=FIN  \\$aY$d20161024
=FMT  \\$a  SE
=LAS  \\$aBATCH-MBS$b00$c20161104$lBLL01$h2100

