=LDR  01013 as a2200325 i 4500
=001  018073837
=003  Uk
=005  20161024142244.0
=007  ta
=008  161024c20139999enkqr\p\\\\\\\0\\\a0eng\\
=015  \\$aGBB6E4398$2bnb
=040  \\$aUk$beng$cUk$erda
=042  \\$aukblsr
=082  04$a510.5$223
=245  00$aCurrent advances in mathematics.
=246  17$aCAM
=264  \1$aHolborn, London, United Kingdom :$bEdinwilsen Press,$c2013-
=300  \\$billustrations (black and white) ;$c29 cm
=310  \\$aQuarterly
=336  \\$atext$2rdacontent
=337  \\$aunmediated$2rdamedia
=338  \\$avolume$2rdacarrier
=362  0\$aVolume 1, issue 1 (November 2013)-
=650  \0$aMathematics$vPeriodicals.
=852  41$aBritish Library$bHMNTS$jZK.9.b.34976$3Vol. 1, no. 1 (Nov. 2013)-vol. 1, no. 1 (2013:Nov.)
=985  \\$aISSN Centre note: Please do not assign ISSN.
=CAT  \\$a11205$b40$c20161024$lBLL01$h1422
=FIN  \\$aY$d20161024
=FMT  \\$a  SE
=LAS  \\$a11205$b40$c20161024$lBLL01$h1422

