=LDR  01116 as a2200349 i 4500
=001  018073902
=003  Uk
=005  20161024170243.0
=007  ta
=008  161024c20149999enkqr\p\\\\\\\0\\\a0eng\\
=015  \\$aGBB6E4413$2bnb
=040  \\$aUk$beng$cUk$erda
=042  \\$aukblsr
=082  04$a580.5$223
=130  0\$aAdvances in plant sciences research (Holborn, London, England)
=245  10$aAdvances in plant sciences research.
=246  17$aAPSR
=264  \1$aHolborn, London, United Kingdom :$bEdinwilsen Press,$c2014-
=300  \\$billustrations (black and white) ;$c29 cm
=310  \\$aQuarterly
=336  \\$atext$2rdacontent
=337  \\$aunmediated$2rdamedia
=338  \\$avolume$2rdacarrier
=362  0\$aVolume 1, issue 1 (January 2014)-
=650  \0$aBotany$vPeriodicals.
=852  41$aBritish Library$bHMNTS$jZK.9.b.34972$3Vol. 1, issue 1 (Jan. 2014)
=985  \\$aISSN Centre note: Please do not assign ISSN.
=CAT  \\$a11205$b40$c20161024$lBLL01$h1700
=CAT  \\$a11205$b40$c20161024$lBLL01$h1702
=FIN  \\$aY$d20161024
=FMT  \\$a  SE
=LAS  \\$a11205$b40$c20161024$lBLL01$h1702

