=LDR  01074 as a2200337 i 4500
=001  018074429
=003  Uk
=005  20161025161730.0
=007  ta
=008  161025c20139999enkqr\p\\\\\\\0\\\a0eng\\
=015  \\$aGBB6E4773$2bnb
=040  \\$aUk$beng$cUk$erda
=042  \\$aukblsr
=082  04$a660.05$223
=130  0\$aAdvances in chemical engineering (Holborn, London, England)
=245  10$aAdvances in chemical engineering.
=246  17$aACE
=264  \1$aHolborn, London, United Kingdom :$bEdinwilsen Press,$c2013-
=300  \\$billustrations (black and white) ;$c29 cm
=310  \\$aQuarterly
=336  \\$atext$2rdacontent
=337  \\$aunmediated$2rdamedia
=338  \\$avolume$2rdacarrier
=362  0\$aVolume 1, issue 1 (November 2013)-
=650  \0$aChemical engineering$vPeriodicals.
=852  41$aBritish Library$bHMNTS$jZK.9.b.34971$3Vol. 1, no. 1 (Nov. 2013)
=985  \\$aISSN Centre note: Please do not assign ISSN.
=CAT  \\$a11205$b40$c20161025$lBLL01$h1617
=FIN  \\$aY$d20161025
=FMT  \\$a  SE
=LAS  \\$a11205$b40$c20161025$lBLL01$h1617

