=LDR  00995 as a2200325 i 4500
=001  018078270
=003  Uk
=005  20161028114128.0
=007  ta
=008  161028c20149999enkqr\p\\\\\\\0\\\a0eng\\
=015  \\$aGBB6E6870$2bnb
=040  \\$aUk$beng$cUk$erda
=042  \\$aukblsr
=082  04$a616.005$223
=245  00$aFrontiers in clinical medicine.
=246  17$aFCM
=264  \1$aHolborn, London, United Kingdom :$bEdinwilsen Press,$c2014-
=300  \\$billustrations (black and white) ;$c29 cm
=310  \\$aQuarterly
=336  \\$atext$2rdacontent
=337  \\$aunmediated$2rdamedia
=338  \\$avolume$2rdacarrier
=362  0\$aVolume 1, issue 1 (January 2014)-
=650  \0$aClinical medicine$vPeriodicals.
=852  41$aBritish Library$bHMNTS$jZK.9.b.34968$3Vol. 1, issue 1 (Jan. 2014)
=985  \\$aISSN Centre note: Please do not assign ISSN.
=CAT  \\$a11205$b40$c20161028$lBLL01$h1141
=FIN  \\$aY$d20161028
=FMT  \\$a  SE
=LAS  \\$a11205$b40$c20161028$lBLL01$h1141

