=LDR  00980 as a2200325 i 4500
=001  018078276
=003  Uk
=005  20161028114804.0
=007  ta
=008  161028c20139999enkqr\p\\\\\\\0\\\a0eng\\
=015  \\$aGBB6E6871$2bnb
=040  \\$aUk$beng$cUk$erda
=042  \\$aukblsr
=082  04$a333.7905$223
=245  00$aAdvances in energy.
=246  17$aAIE
=264  \1$aHolborn, London, United Kingdom :$bEdinwilsen Press,$c2013-
=300  \\$billustrations (black and white) ;$c29 cm
=310  \\$aQuarterly
=336  \\$atext$2rdacontent
=337  \\$aunmediated$2rdamedia
=338  \\$avolume$2rdacarrier
=362  0\$aVolume 1, issue 1 (October 2013)-
=650  \0$aPower resources$vPeriodicals.
=852  41$aBritish Library$bHMNTS$jZK.9.b.34969$3Vol. 1, no. 1 (Oct. 2013)
=985  \\$aISSN Centre note: Please do not assign ISSN.
=CAT  \\$a11205$b40$c20161028$lBLL01$h1148
=FIN  \\$aY$d20161028
=FMT  \\$a  SE
=LAS  \\$a11205$b40$c20161028$lBLL01$h1148

