=LDR  02581cas a2200649 i 4500
=001  018083100
=003  Uk
=005  20221231233931.0
=007  ta
=008  161101c19899999ja\ar\p\\\\\\f0\\\d0jpn\\
=022  \\$a0916-0558
=040  \\$aUk$beng$cUk$erda
=042  \\$aukblsr
=082  04$a327.52$223
=222  \0$aGaikō Shiryōkanpō
=245  00$aGaikō Shiryōkanpō.
=246  13$aJournal of the Diplomatic Archives
=246  31$aJournal of the Diplomatic Record Office
=246  13$aGaikō Shiryōkan hō
=264  \1$aTokyo :$bDiplomatic Archives, Ministry of Foreign Affairs of Japan
=300  \\$billustrations (black and white) ;$c26 cm
=310  \\$aBegan in 1988
=336  \\$atext$2rdacontent
=337  \\$aunmediated$2rdamedia
=338  \\$avolume$2rdacarrier
=540  \\$aCurrent Copyright Fee: GBP25.00$c0$5Uk
=588  \\$aDescription based on: no. 27 (December 2013) issue.
=651  \0$aJapan$xForeign relations$xSources$vPeriodicals.
=710  2\$aGaimushō Gaikō Shiryōkan.
=852  41$aBritish Library$bDSC$j4066.348970$3No. 27 (2013)-no 30 (2017)
=959  \\$fHeld but not currently received
=985  \\$aRecord based on ISSN record.
=ACF  \\$aPrevious copyright fee: GBP12.30$c0$e01-nov-2016$fGBP12.30$g0$hA$5Uk
=ACF  \\$aPrevious Copyright Fee: GBP15.00$c0$e01-jan-2017$fGBP15.00$g0$hA$5Uk
=ACF  \\$aPrevious Copyright Fee: GBP17.50$c0$e01-jan-2018$fGBP17.50$g0$hA$5Uk
=ACF  \\$aPrevious Copyright Fee: GBP20.00$c0$e01-jan-2020$fGBP20.00$g0$hA$5Uk
=CAT  \\$a5997$b40$c20161101$lBLL01$h1153
=CAT  \\$a5997$b40$c20161101$lBLL01$h1155
=CAT  \\$a11385$b40$c20161101$lBLL01$h1425
=CAT  \\$a11385$b40$c20161101$lBLL01$h1428
=CAT  \\$aBATCH-CLA$b00$c20161222$lBLL01$h1840
=CAT  \\$aIPL-CLA$c20161231$lBLL01$h0026
=CAT  \\$aBATCH-CLA$b00$c20171222$lBLL01$h2221
=CAT  \\$aIPL-CLA$c20171231$lBLL01$h1833
=CAT  \\$aBATCH-CLA$b00$c20191219$lBLL01$h1804
=CAT  \\$aIPL-CLA$c20191231$lBLL01$h2043
=CAT  \\$a11385$b40$c20200117$lBLL01$h1148
=CAT  \\$aR2001-1524$c20200127$lBLL01$h2108
=CAT  \\$aBATCH-CLA$b00$c20201204$lBLL01$h1616
=CAT  \\$aIPL-CLA$c20201231$lBLL01$h2348
=CAT  \\$aBATCH-CLA$b00$c20221221$lBLL01$h1933
=CAT  \\$aIPL-CLA$c20221231$lBLL01$h2339
=CFI  0\$aCurrent Copyright Fee: GBP25.00$c0$e01-jan-2023$fGBP25.00$g0$hA$5Uk
=CFI  2\$aPrevious Copyright Fee: GBP22.50$c0$e01-jan-2021$fGBP22.50$g0$hA$5Uk
=FIN  \\$aY$d20161101
=FMT  \\$a  SE
=LAS  \\$aIPL-CLA$b00$c20221231$lBLL01$h2339

