=LDR  03357 as a2200781 i 4500
=001  018083106
=003  Uk
=005  20180316090142.0
=006  m\\\\\o\\d\\\\\\\\
=007  cr\|||||||||||
=008  100215d20082016enkuu\p\o\\\\\0\\\a0eng\d
=015  \\$aGBB811324$2bnb
=016  7\$a2659435-3$2DE-600
=022  0\$a1179-0687
=035  \\$a(OCoLC)609962558$z(OCoLC)613088939$z(OCoLC)843247933$z(OCoLC)971341316$z(OCoLC)971956178$z(OCoLC)974849972$z(OCoLC)981559634$z(OCoLC)989272670$z(OCoLC)991544368$z(OCoLC)992960322$z(OCoLC)994610465$z(OCoLC)995185131$z(OCoLC)999541429
=037  \\$actt$bSage (UK) Ltd
=040  \\$aIL4I4$beng$cIL4I4$dOCLCQ$dNZWTU$dHEBIS$dOCLCQ$dS4S$dI8H$dCUS$dOCLCF$dCUS$dEUW$dOCLCQ$dUAB$dZ5A$dOCLCQ$dWT2$dOCLCO$dZAC$dOCLCQ$dU3W$dUk
=042  \\$aukblsr
=050  \4$aRD120.7
=082  04$a617.95405$222
=222  \0$aCell & tissue transplantation & therapy
=245  00$aCell & tissue transplantation & therapy.
=246  13$aCell and tissue transplantation and therapy
=260  \\$aAuckland :$bLibertas Academica,$c2008-
=264  31$a[London] :$bSAGE Publishing
=336  \\$atext$2rdacontent
=337  \\$acomputer$2rdamedia
=338  \\$aonline resource$2rdacarrier
=362  1\$a2008:1-2016:8.
=500  \\$aTitle from PDF article (publisher's Web site, viewed January 11, 2018).
=506  \\$aAccess restricted to authorized users and institutions.
=540  \\$aCurrent Copyright Fee: zero$c19\0$5Uk
=588  \\$aLatest issue consulted: 2016:8 (SAGE publishing, viewed January 11, 2018).
=650  \0$aTransplantation of organs, tissues, etc.$vPeriodicals.
=650  \7$aHistology.$2ebps
=650  \7$aTransplantation.$2ebps
=650  \7$aTransplantation of organs, tissues, etc.$2fast$0(OCoLC)fst01154919
=655  \0$aElectronic journals.
=655  \4$aElectronic journals.
=655  \7$aPeriodicals.$2fast$0(OCoLC)fst01411641
=852  41$aBritish Library$bHMNTS$jELD Digital store
=856  \\$31850-9999$uhttp://www.uk.sagepub.com/home.nav$xBLDSS
=856  40$uhttp://insights.sagepub.com/journal-cell-and-tissue-transplantation-and-therapy-j125
=859  \\$aELD$bejournal
=945  \\$aCell and tissue transplantation and therapy.
=979  \\$aBritish Library$bDSC$j3097.700500N
=985  \\$aSays on website "publication ceased in August 2017" - "site hosts content from 2008-2016" - so actually ceased in 2016.
=985  \\$aISSN Transfer from NZ to UK in progress (Richard, 16/03/18)
=CAT  \\$a8311$b40$c20161101$lBLL01$h1159
=CAT  \\$a8311$b40$c20161108$lBLL01$h1056
=CAT  \\$a5552$b40$c20161220$lBLL01$h1142
=CAT  \\$aBATCH-UPD$b40$c20161221$lBLL01$h0140
=CAT  \\$aBLDSS-3PM$b00$c20170103$lBLL01$h1639
=CAT  \\$aBATCH-UPD$b00$c20170103$lBLL01$h1643
=CAT  \\$aW1711-1005$c20171206$lBLL01$h1829
=CAT  \\$a3072$b40$c20180111$lBLL01$h1114
=CAT  \\$a3072$b40$c20180111$lBLL01$h1117
=CAT  \\$a3072$b40$c20180111$lBLL01$h1134
=CAT  \\$a10806$b40$c20180316$lBLL01$h0901
=CFI  0\$aCurrent Copyright Fee: zero$c19\0$e20-dec-2016$fGBP0.00$g0$hP$5Uk
=FFP  \\$aY$bBLDSS-3PM
=FIN  \\$aY$d20180111
=FMT  \\$a  SE
=LAS  \\$a10806$b40$c20180316$lBLL01$h0901
=LET  \0$aCell & tissue transplantation & therapy (Electronic)
=MNI  \\$a1179-0687
=SID  \\$aZ39$bOCLC
=UNO  \\$aY

