=LDR  05959cas a2200961 a 4500
=001  018085084
=003  Uk
=005  20221108081432.0
=006  m\\\\\o\\d\\\\\\\\
=007  cr\mn|||||||||
=008  090610d20082015nz\an\p\o\\\\\0\\\a0eng\\
=022  \\$a1178-637X
=035  \\$a(OCoLC)785986874$z(OCoLC)971914812$z(OCoLC)974869597$z(OCoLC)981554811$z(OCoLC)989376500$z(OCoLC)991549192$z(OCoLC)992946928$z(OCoLC)995190211$z(OCoLC)995261040$z(OCoLC)999570816$z(OCoLC)1006187847
=037  \\$amei$bSage (UK) Ltd
=040  \\$aNZ1$cNZ1$dHUA$dCUS$dOCLCF$dEUW$dUAB$dXFH$dWT2$dZAC$dOCLCO$dU3W$dUk
=042  \\$aukblsr
=050  \4$aR856.A1
=082  04$a610.28405$223
=210  1\$aMed. equip. insights
=222  \0$aMedical equipment insights
=245  00$aMedical equipment insights$h[electronic resource].
=246  1\$iTitle on journal home page:$aMEI journal
=260  \\$6880-01$a[Auckland, N.Z.] :$bLibertas Academica,$c[2008]-
=300  \\$billustrations (colour)
=310  \\$aAnnual
=336  \\$atext$btxt$2rdacontent
=337  \\$acomputer$bc$2rdamedia
=338  \\$aonline resource$bcr$2rdacarrier
=362  1\$aBegan with 2008:1.
=362  0\$a-volume 6 (January/December 2015).
=506  \\$aAccess restricted to authorized users and institutions.
=515  \\$aArticles added irregularly during the year and collected into annual issues.
=538  \\$aMode of access: World Wide Web.
=540  \\$aCurrent Copyright Fee: zero$c19\0$5Uk
=588  \\$aDescription based on: 2008:1; title from journal home page (viewed on May 16, 2011).
=588  \\$aLatest issue consulted: volume 6 (January/December 2015) (SAGE journals, viewed January 31, 2018).
=650  \0$aMedical technology$vPeriodicals.
=650  \0$aMedical instruments and apparatus$xTechnological innovations$vPeriodicals.
=650  \7$aMedical Equipment & Supplies Industry.$2ebps
=650  \7$aMedical instruments and apparatus$xTechnological innovations.$2fast$0(OCoLC)fst01014236
=650  \7$aMedical technology.$2fast$0(OCoLC)fst01014742
=655  \0$aElectronic journals.
=655  \7$aPeriodicals.$2fast$0(OCoLC)fst01411641
=852  41$aBritish Library$bHMNTS$jELD Digital store$3Content not received
=856  \\$31850-9999$uhttp://www.uk.sagepub.com/home.nav$xBLDSS
=856  40$uhttp://journals.sagepub.com/toc/MEI/current
=856  40$uhttp://www.la-press.com/medical-equipment-insights-journal-j98$zMedical Equipment Insights - Libertas Academica
=856  40$3Full text available 1/1/2010 - .$uhttp://search.ebscohost.com/direct.asp?db=a9h&jid=%22B9Q0%22&scope=site&LoginPage=cpidlogin.asp&custID=s9204635$zAvailable on EBSCOhost.
=856  40$3MacEwan University Access: 2008-$uhttp://resolver.lrc.macewan.ca/macewan?url_ver=Z39.88-2004&ctx_ver=Z39.88-2004&ctx_enc=info:ofi/enc:UTF-8&rfr_id=info:sid/sfxit.com:opac_856&url_ctx_fmt=info:ofi/fmt:kev:mtx:ctx&sfx.ignore_date_threshold=1&rft.object_id=1000000000768698&svc_val_fmt=info:ofi/fmt:kev:mtx:sch_svc&
=856  40$3University of Alberta Access: 2010-$uhttp://resolver.library.ualberta.ca/resolver?ctx_enc=info:ofi/enc:UTF-8&ctx_ver=Z39.88-2004&rfr_id=info:sid/ualberta.ca:opac&rft.genre=journal&rft.object_id=1000000000768698&rft.issn=1178-637X&rft.eissn=&rft_val_fmt=info:ofi/fmt:kev:mtx:journal&url_ctx_fmt=info:ofi/fmt:kev:mtx:ctx&url_ver=Z39.88-2004
=856  40$uhttp://bibpurl.oclc.org/web/47942
=856  40$uhttp://www.la-press.com/medical-equipment-insights-journal-j98
=856  40$uhttp://search.ebscohost.com/direct.asp?db=a9h&jid=%22B9Q0%22&scope=site
=856  40$uhttp://LJ3LE7ZK2E.search.serialssolutions.com/?V=1.0&L=LJ3LE7ZK2E&S=JCs&C=TC0001284171&T=marc
=856  40$3MacEwan University Access: 2010-$uhttp://resolver.lrc.macewan.ca/macewan?url%5Fver=Z39.88-2004&ctx%5Fver=Z39.88-2004&ctx%5Fenc=info:ofi/enc:UTF-8&rfr%5Fid=info:sid/sfxit.com:opac%5F856&url%5Fctx%5Ffmt=info:ofi/fmt:kev:mtx:ctx&sfx.ignore%5Fdate%5Fthreshold=1&rft.object%5Fid=1000000000768698&svc%5Fval%5Ffmt=info:ofi/fmt:kev:mtx:sch%5Fsvc&
=856  40$3University of Alberta Access: 2010-$uhttp://resolver.library.ualberta.ca/resolver?ctx_enc=info%3Aofi%2Fenc%3AUTF-8&ctx_ver=Z39.88-2004&rfr_id=info%3Asid%2Fualberta.ca%3Aopac&rft.genre=journal&rft.object_id=1000000000768698&rft.issn=1178-637X&rft.eissn=&rft_val_fmt=info%3Aofi%2Ffmt%3Akev%3Amtx%3Ajournal&url_ctx_fmt=info%3Aofi%2Ffmt%3Akev%3Amtx%3Actx&url_ver=Z39.88-2004
=856  40$uhttp://0-search.proquest.com.pugwash.lib.warwick.ac.uk/publication/1076345$zFull text available from ProQuest SciTech Collection: 01/01/2008 to present
=859  \\$aELD$bejournal
=880  \\$6260-01$a紐西蘭 :$bLibertas Academica
=945  \\$aMedical equipment insights.
=979  \\$aBritish Library$bDSC$j5527.359500N
=985  \\$aProbably dead, latest issue online = 2015. Taken over by SAGE 2017. Journal home page does not state ceased, Jan 31 2018
=985  \\$aISSN Portal record has been coded UK but evidence suggests SAGE never published content. Local coding not added - no better record to contribute to Portal (Richard, 08/11/22)
=CAT  \\$a14586$b40$c20161102$lBLL01$h1455
=CAT  \\$a14586$b40$c20161102$lBLL01$h1607
=CAT  \\$a14586$b40$c20161109$lBLL01$h1626
=CAT  \\$a5552$b40$c20161221$lBLL01$h0922
=CAT  \\$aBATCH-UPD$b40$c20161227$lBLL01$h2103
=CAT  \\$aBLDSS-3PM$b00$c20170103$lBLL01$h1639
=CAT  \\$aBATCH-UPD$b00$c20170103$lBLL01$h1643
=CAT  \\$aW1711-1005$c20171205$lBLL01$h2213
=CAT  \\$a8124$b40$c20180131$lBLL01$h1112
=CAT  \\$a8124$b40$c20180131$lBLL01$h1336
=CAT  \\$a8483$b40$c20200921$lBLL01$h0959
=CAT  \\$a10806$b40$c20221108$lBLL01$h0814
=CFI  0\$aCurrent Copyright Fee: zero$c19\0$e21-dec-2016$fGBP0.00$g0$hP$5Uk
=FFP  \\$aY$bBLDSS-3PM
=FIN  \\$aY$d20180131
=FMT  \\$a  SE
=LAS  \\$a10806$b40$c20221108$lBLL01$h0814
=MNI  \\$a1178-637X
=SID  \\$aZ39$bOCLC
=UNO  \\$aY

