=LDR  02943cas a2200709 i 4500
=001  018086054
=003  Uk
=005  20221231145419.0
=007  ta
=008  161103c19959999tu\tr\p\\\\\\\0\\\a0eng\\
=022  0\$a1307-9441
=040  \\$aUk$beng$cUk$erda
=041  0\$aeng$beng$btur
=042  \\$aukblsr
=082  04$a616.3623005$223
=210  0\$aViral hepatit derg.
=222  \0$aViral hepatit dergisi
=245  00$aViral hepatitis journal =$bviral hepatit dergisi.
=246  31$aViral hepatit dergisi
=264  \1$aFındıkzade-Istanbul-Turkey :$bGalenos,$c[1995]-
=300  \\$billustrations (black and white, and colour) ;$c28 cm
=310  \\$aThree times a year
=336  \\$atext$2rdacontent
=337  \\$aunmediated$2rdamedia
=338  \\$avolume$2rdacarrier
=540  \\$aCurrent Copyright Fee: GBP25.00$c0$5Uk
=546  \\$aIn English; article titles and abstracts in English and Turkish.
=550  \\$a"Publishing organ of the Viral Hepatitis Society."
=588  \\$aDescription based on: volume 22, issue 2 (August 2016).
=650  \0$aHepatitis, Viral$vPeriodicals.
=710  2\$aViral Hepatitle Savaşım Derneği,$eissuing body.
=852  41$aBritish Library$bDSC$j9237.875300$3Vol. 22, Issue 2 (2016)-v. 24, issue 1 (2018)
=945  \\$aViral hepatitis journal
=959  \\$fHeld but not currently received
=985  \\$aDesignation from spine / typo in key title, ISSN Turkey contacted July 18, 2017. GH. Key title corrected October 9, 2017.
=ACF  \\$aPrevious copyright fee: GBP12.30$c0$e03-nov-2016$fGBP12.30$g0$hA$5Uk
=ACF  \\$aPrevious Copyright Fee: GBP15.00$c0$e01-jan-2017$fGBP15.00$g0$hA$5Uk
=ACF  \\$aPrevious Copyright Fee: GBP17.50$c0$e01-jan-2018$fGBP17.50$g0$hA$5Uk
=ACF  \\$aPrevious Copyright Fee: GBP20.00$c0$e01-jan-2020$fGBP20.00$g0$hA$5Uk
=CAT  \\$a8335$b40$c20161103$lBLL01$h1546
=CAT  \\$aBATCH-CLA$b00$c20161222$lBLL01$h1840
=CAT  \\$aIPL-CLA$c20161231$lBLL01$h0026
=CAT  \\$a11205$b40$c20170718$lBLL01$h1323
=CAT  \\$a11315$b40$c20171005$lBLL01$h1151
=CAT  \\$a11205$b40$c20171009$lBLL01$h0948
=CAT  \\$a11205$b40$c20171009$lBLL01$h1034
=CAT  \\$aBATCH-CLA$b00$c20171222$lBLL01$h2221
=CAT  \\$aIPL-CLA$c20171231$lBLL01$h1833
=CAT  \\$a8335$b40$c20190121$lBLL01$h1116
=CAT  \\$aBATCH-CLA$b00$c20191219$lBLL01$h1804
=CAT  \\$aIPL-CLA$c20191231$lBLL01$h2043
=CAT  \\$aR2001-1524$c20200127$lBLL01$h2108
=CAT  \\$aBATCH-CLA$b00$c20201204$lBLL01$h1616
=CAT  \\$aIPL-CLA$c20201231$lBLL01$h1534
=CAT  \\$aBATCH-CLA$b00$c20221221$lBLL01$h1933
=CAT  \\$aIPL-CLA$c20221231$lBLL01$h1454
=CFI  0\$aCurrent Copyright Fee: GBP25.00$c0$e01-jan-2023$fGBP25.00$g0$hA$5Uk
=CFI  2\$aPrevious Copyright Fee: GBP22.50$c0$e01-jan-2021$fGBP22.50$g0$hA$5Uk
=FIN  \\$aY$d20170718
=FMT  \\$a  SE
=LAS  \\$aIPL-CLA$b00$c20221231$lBLL01$h1454
=TOC  \\$aETOC

