=LDR  02381 as a2200649 i 4500
=001  018144750
=003  Uk
=005  20191127150423.0
=006  m\\\\\|\\d\|\\\\\\
=007  cr\|||||||||||
=008  161215c19979999enkqr\p\o\\\\\0\\\a0eng\\
=015  \\$aGBB7J0061$2bnb
=022  \\$y1229-828X
=037  \\$aISSN_1229828X$bPortico$nEmerald
=040  \\$aUk$beng$cUk$erda
=042  \\$aukblsr
=082  04$a382$223
=245  00$aJournal of Korea trade.
=246  3\$aJKT
=264  \1$a[Bingley] :$bEmerald Publishing Limited
=310  \\$aQuarterly
=336  \\$atext$2rdacontent
=337  \\$acomputer$2rdamedia
=338  \\$aonline resource$2rdacarrier
=362  1\$aPrint began in 1997.
=540  \\$aCurrent copyright fee: GBP30.00$c25\0$5Uk
=588  \\$aDescription based on: volume 21, issue 3 (2017); title from journal homepage (Emerald Insight, viewed October 6, 2017).
=650  \0$aCommerce$vPeriodicals.
=651  \0$aKorea (South)$xCommerce$vPeriodicals.
=690  7\$aManagement and Business Studies$2blcoll
=776  08$iAlso issued in print as:$tJournal of Korea trade$x1229-828X
=852  41$aBritish Library$bHMNTS$jELD Digital store$3Volume 20:Number 1(2016)-Volume 23:Number 1(2019)
=856  40$31850-9999$uhttp://www.emeraldinsight.com/$xBLDSS
=859  \\$aELD$bejournal
=945  \\$aJournal of Korea trade.
=979  \\$aBritish Library$bDSC$j5009.869000N
=985  \\$aISSN UK due to assign when ISSN South Korea confirm they have not yet assigned (Richard, 06/10/17)
=CAT  \\$a8311$b40$c20161215$lBLL01$h1356
=CAT  \\$a8311$b40$c20161215$lBLL01$h1431
=CAT  \\$a5552$b40$c20170601$lBLL01$h1152
=CAT  \\$aBLDSS-3PM$b00$c20170606$lBLL01$h1445
=CAT  \\$aBATCH-UPD$b00$c20170606$lBLL01$h1446
=CAT  \\$a10806$b40$c20171006$lBLL01$h1035
=CAT  \\$a10806$b40$c20171006$lBLL01$h1044
=CAT  \\$aBATCH-MBS$c20171013$lBLL01$h2112
=CAT  \\$aW1711-1005$c20171206$lBLL01$h1830
=CAT  \\$a5410$b40$c20191125$lBLL01$h1539
=CAT  \\$a5410$b40$c20191127$lBLL01$h1504
=CFI  0\$aCurrent copyright fee: GBP30.00$c25\0$e01-jun-2017$fGBP30.00$g0$hP$5Uk
=FFP  \\$aY$bBLDSS-3PM
=FIN  \\$aY$d20171006
=FMT  \\$a  SE
=LAS  \\$a5410$b40$c20191127$lBLL01$h1504
=LET  \0$aJournal of Korea trade (Electronic)
=MNI  \\$a1229-828X
=TOC  \\$aETOC
=UNO  \\$aY

