=LDR  02784cas a2200649 i 4500
=001  018145868
=003  Uk
=005  20211231173612.0
=007  ta
=008  161216c20169999si\qr\p\\\\\\\0\\\a0eng\\
=022  0\$y2424-922X
=040  \\$aUk$beng$cUk$erda
=042  \\$aukblsr
=082  04$a519.535$223
=245  00$aAdvances in data science and adaptive analysis :$btheory and applications.
=246  30$aADSAA
=264  \1$aSingapore :$bWorld Scientific Publishing Co. Pte. Ltd,$c2016-
=300  \\$billustrations (black and white) ;$c25 cm
=310  \\$aQuarterly
=336  \\$atext$2rdacontent
=337  \\$aunmediated$2rdamedia
=338  \\$avolume$2rdacarrier
=362  0\$aVolume 8, number 1 (January 2016)-
=530  \\$aIssued also online.
=540  \\$aCurrent Copyright Fee: GBP29.21$c0$5Uk
=588  \\$aLatest issue consulted: volume 8, number 2 (April 2016).
=650  \0$aMultivariate analysis$vPeriodicals.
=780  00$tAdvances in adaptive data analysis$x1947-9840
=852  \\$aBritish Library$bSTI$k(P)$h519.535$m-E(1)$3Vol.8 No.1 (2016) -
=985  \\$aISSN 2424-922X is "free" on ISSN portal (Singapore). Please update record when validated.
=ACF  \\$aPrevious Copyright Fee: GBP30.77$c0$e01-oct-2018$fGBP30.77$g0$hC$5Uk
=ACF  \\$aPrevious Copyright Fee: GBP32.00$c0$e01-oct-2019$fGBP32.00$g0$hC$5Uk
=ACF  \\$aPrevious Copyright Fee: GBP30.77$c0$e01-apr-2020$fGBP30.77$g0$hC$5Uk
=ACF  \\$aPrevious Copyright Fee: GBP32.00$c0$e01-jul-2020$fGBP32.00$g0$hC$5Uk
=ACF  \\$aPrevious Copyright Fee: GBP28.90$c0$e01-jul-2021$fGBP28.90$g0$hC$5Uk
=CAT  \\$a11205$b40$c20161216$lBLL01$h1043
=CAT  \\$aBATCH-CLA$b00$c20180831$lBLL01$h1630
=CAT  \\$aIPL-CLA$c20180930$lBLL01$h1521
=CAT  \\$aBATCH-CLA$b00$c20190909$lBLL01$h1720
=CAT  \\$aIPL-CLA$c20190930$lBLL01$h1658
=CAT  \\$aBATCH-CLA$b00$c20200228$lBLL01$h1638
=CAT  \\$aIPL-CLA$c20200331$lBLL01$h1637
=CAT  \\$aBATCH-CLA$b00$c20200529$lBLL01$h1539
=CAT  \\$aIPL-CLA$c20200701$lBLL01$h0123
=CAT  \\$aBATCH-CLA$b00$c20210528$lBLL01$h1529
=CAT  \\$a11385$b40$c20210625$lBLL01$h1143
=CAT  \\$aIPL-CLA$c20210704$lBLL01$h1127
=CAT  \\$aBATCH-CLA$b00$c20210917$lBLL01$h1607
=CAT  \\$aIPL-CLA$c20210930$lBLL01$h1658
=CAT  \\$aBATCH-CLA$b00$c20211203$lBLL01$h0820
=CAT  \\$aIPL-CLA$c20211231$lBLL01$h1736
=CFI  0\$aCurrent Copyright Fee: GBP29.21$c0$e01-jan-2022$fGBP29.21$g0$hC$5Uk
=CFI  2\$aPrevious Copyright Fee: GBP28.39$c0$e01-oct-2021$fGBP28.39$g0$hC$5Uk
=FIN  \\$aY$d20161216
=FMT  \\$a  SE
=LAS  \\$aIPL-CLA$b00$c20211231$lBLL01$h1736
=LKR  \\$aPAR$b016424914$lBLL01$nAdvances in adaptive data analysis$mAdvances in data science and adaptive analysis$r78000

