=LDR  02193cas a2200541 i 4500
=001  018155964
=003  Uk
=005  20180629150101.0
=007  ta
=008  161222c20169999ii\qr\p\\\\\\\0\\\a0eng\\
=040  \\$aUk$beng$cUk$erda
=042  \\$aukblsr
=082  04$a630.7115487$223
=245  00$aJournal of farm sciences.
=264  \1$aKarnataka :$bUniversity of Agricultural Sciences, Dharwad,$c2016-
=300  \\$billustrations (black and white), maps (colour) ;$c28 cm
=310  \\$aQuarterly
=336  \\$atext$2rdacontent
=337  \\$aunmediated$2rdamedia
=338  \\$avolume$2rdacarrier
=362  0\$aVol. 29 (1) (January/March 2016)-
=540  \\$aBritish Library not licensed to copy$c0$5Uk
=650  \0$aAgriculture$zIndia$zKarnataka$vPeriodicals.
=780  00$tKarnataka journal of agricultural sciences$x0972-1061
=852  \\$aBritish Library$bDSC
=852  \\$aBritish Library$bDSC$j4983.805000$3Vol. 29 (2016)-
=945  \\$aJournal of farm sciences
=959  \\$fCurrently received
=985  \\$aISSN UK - Scan sent to ISSN India for ISSN assignment (Richard, 12/01/17). UPDATE - Email reply received 27/06/17 - journal has not been assigned ISSN by India Centre - please do not send again (Richard, 27/06/17)
=CAT  \\$a11315$b40$c20161222$lBLL01$h1127
=CAT  \\$a8439$b40$c20170106$lBLL01$h1351
=CAT  \\$a8439$b40$c20170106$lBLL01$h1352
=CAT  \\$a10806$b40$c20170112$lBLL01$h0949
=CAT  \\$a5410$b40$c20170118$lBLL01$h1341
=CAT  \\$a5410$b40$c20170203$lBLL01$h0847
=CAT  \\$a10806$b40$c20170627$lBLL01$h1027
=CAT  \\$a5410$b40$c20170726$lBLL01$h1110
=CAT  \\$a5410$b40$c20180427$lBLL01$h0917
=CAT  \\$a5410$b40$c20180427$lBLL01$h0919
=CAT  \\$a5410$b40$c20180427$lBLL01$h1558
=CAT  \\$a5410$b40$c20180427$lBLL01$h1559
=CAT  \\$a5410$b40$c20180629$lBLL01$h1456
=CAT  \\$a5410$b40$c20180629$lBLL01$h1501
=CFI  0\$aBritish Library not licensed to copy$c0$e06-jan-2017$hC$iTX$5Uk
=FIN  \\$aY$d20161222
=FMT  \\$a  SE
=LAS  \\$a5410$b40$c20180629$lBLL01$h1501
=LKR  \\$aPAR$b010494381$lBLL01$r78000$mJournal of farm sciences.$nKarnataka Journal of Agricultural Sciences

