=LDR  01889cas a2200457 i 4500
=001  018174723
=003  Uk
=005  20170111111624.0
=007  ta
=008  170111c20049999gw\uu\\\\\\\\\0\\\b0ger\\
=022  0\$a2193-1267$y0343-1177
=040  \\$aUk$beng$cUk$erda
=041  \\$ager$aeng
=042  \\$aukblsr
=082  04$a532.005$223
=130  0\$aMitteilung (Technische Universität München, Fachgebiet Hydromechanik)
=222  \0$aMitteilung$b(Technische Universität München, Fachgebiet Hydromechanik)
=245  10$aMitteilung /$cFachgebiet Hydromechanik, Technische Universität München.
=264  \1$aMünchen :$bTechnische Universität München,$c2004-
=300  \\$billustrations (black and white) ;$c21 cm
=336  \\$atext$2rdacontent
=337  \\$aunmediated$2rdamedia
=338  \\$avolume$2rdacarrier
=362  0\$aNr. 72 (2004)-
=500  \\$aIssues have individual titles.
=546  \\$aSome issues in English <2010>-.
=588  \\$aLatest issue consulted: Nummer 73 (2008).
=650  \0$aHydraulics$vPeriodicals.
=650  \0$aHydrodynamics$vPeriodicals.
=650  \0$aFluid mechanics$vPeriodicals.
=710  2\$aTechnische Universität München.$bFachgebiet Hydromechanik,$eissuing body.
=780  00$tHydraulik und Gewässerkunde$x0343-1177
=852  71$aBritish Library$bSTI$k(P)$hSF 29$m-G(1)$2blsrissc$3Nr.72-
=985  \\$aCatalogued as serial (precedent from previous title etc) in consultation with MIS (LF). ISSN has this as mono series.
=CAT  \\$a8124$b40$c20170111$lBLL01$h1110
=CAT  \\$a8124$b40$c20170111$lBLL01$h1116
=CAT  \\$aBATCH-UPD$b40$c20170127$lBLL01$h1632
=FIN  \\$aY$d20170111
=FMT  \\$a  SE
=LAS  \\$aBATCH-UPD$b40$c20170127$lBLL01$h1632
=LKR  \\$aPAR$b007518055$lBLL01$r78000$mMitteilung (Technische Universität München, Fachgebiet Hydromechanik)$nHydraulik und Gewässerkunde

