=LDR  04143cas a2200889 i 4500
=001  018180344
=003  Uk
=005  20191231204358.0
=006  m\\\\\o\\d\\\\\\\\
=007  cr\|||||||||||
=008  140714c20159999njuar\\\o\\\\\1\\\a0eng\\
=010  \\$a  2014203249
=015  \\$aGBB785000$2bnb
=022  \\$y2373-9231
=035  \\$a(OCoLC)883627722$z(OCoLC)983782243
=037  \\$aISSN_23739231$bPortico$nWiley
=040  \\$aDLC$beng$cDLC$dDLC$dOCLCO$dNJR$dOCLCO$dDLC$dOCLCF$dOCL$dOCLCO$dCOO$dUk$erda
=042  \\$aukblsr
=082  04$a020$223
=245  00$aProceedings of the Association for Information Science and Technology.
=246  1\$aProceedings of the Association for Information Science & Technology
=264  \1$aMalden, MA :$bJohn Wiley & Sons, Inc.,$c[2015]-
=300  \\$billustrations (black and white, and colour)
=310  \\$aAnnual
=336  \\$atext$2rdacontent
=336  \\$atext$btxt$2rdacontent
=337  \\$acomputer$2rdamedia
=337  \\$acomputer$bc$2rdamedia
=338  \\$aonline resource$2rdacarrier
=338  \\$aonline resource$bcr$2rdacarrier
=362  0\$aVolume 52, issue 1 (2015)-
=500  \\$aTitle from journal home page (Wiley Online Library, viewed May 22, 2017).
=540  \\$aCurrent Copyright Fee: GBP32.00$c35\0$5Uk
=650  \0$aInformation science$vCongresses.
=650  \0$aInformation technology$vCongresses.
=650  \7$aInformation science.$2fast$0(OCoLC)fst00972640
=650  \7$aInformation technology.$2fast$0(OCoLC)fst00973089
=655  \7$aConference papers and proceedings.$2fast$0(OCoLC)fst01423772
=710  2\$aAssociation for Information Science and Technology,$eissuing body.
=780  00$aAmerican Society for Information Science and Technology. Annual Meeting.$tProceedings of the Annual Meeting of the American Society for Information Science and Technology$x1550-8390
=852  41$aBritish Library$bHMNTS$jELD Digital store$3Volume 52:Issue 1(2015)-
=852  \\$aBritish Library$bDSC$j6651.300000$3Volume 52:Issue 1(2015)-***See ESTAR for full holdings.
=856  40$uhttp://onlinelibrary.wiley.com/journal/10.1002/(ISSN)2373-9231
=856  \\$31850-9999$uhttp://onlinelibrary.wiley.com/$xBLDSS
=856  40$uhttp://onlinelibrary.wiley.com/journal/10.1002/%28ISSN%292373-9231/issues
=859  \\$aELD$bejournal
=945  \\$aProceedings- Association for Information Science and Technology
=959  \\$fCurrently received
=985  \\$awork issn - 222 not added; N.B. 50 (1) (2013) has been incorrectly accessioned here - should have been accessioned on 016657416 - discussed with PT 22/8/17 - item to be moved to 016657416 when new metadata aggregator is in place.
=ACF  \\$aPrevious copyright fee: GBP24.00$c35\0$e17-jan-2017$fGBP24.00$g0$hP$5Uk
=CAT  \\$a8055$b40$c20170117$lBLL01$h1325
=CAT  \\$aBLDSS-3PM$b00$c20170123$lBLL01$h1137
=CAT  \\$aBATCH-UPD$b00$c20170123$lBLL01$h1138
=CAT  \\$a10983$b40$c20170218$lBLL01$h0849
=CAT  \\$a3072$b40$c20170522$lBLL01$h1430
=CAT  \\$a3072$b40$c20170522$lBLL01$h1431
=CAT  \\$a3072$b40$c20170822$lBLL01$h0942
=CAT  \\$aW1711-1005$c20171206$lBLL01$h1830
=CAT  \\$aBATCH-UPD$b00$c20180219$lBLL01$h1757
=CAT  \\$aBATCH-UPD$b00$c20181121$lBLL01$h1627
=CAT  \\$aIPL-CLA$c20181231$lBLL01$h1556
=CAT  \\$aR1911-0245$c20191127$lBLL01$h0823
=CAT  \\$aR1911-0245$c20191127$lBLL01$h1045
=CAT  \\$aIPL-CLA$c20191231$lBLL01$h2043
=CFI  0\$aCurrent Copyright Fee: GBP32.00$c35\0$e01-jan-2020$fGBP32.00$g0$hP$5Uk
=CFI  2\$aPrevious copyright fee: GBP28.00$c35\0$e01-jan-2019$fGBP28.00$g0$hP$5Uk
=EST  \\$a1
=FFP  \\$aY$bBLDSS-3PM
=FIN  \\$aY$d20170522
=FMT  \\$a  SE
=LAS  \\$aIPL-CLA$b00$c20191231$lBLL01$h2043
=LET  \0$aProceedings of the Association for Information Science and Technology (Electronic)
=LKR  \\$aPAR$b016657416$lBLL01$r78000$mProceedings of the Association for Information Science and Technology.$nProceedings of the ... ASIST Annual Meeting (Online)
=MNI  \\$a2373-9231
=SID  \\$aZ39$bOCLC
=TOC  \\$aETOC
=UNO  \\$aY

