=LDR  02925cas a2200697 i 4500
=001  018186039
=003  Uk
=005  20180207115141.0
=006  m\\\\\o\\d\\\\\\\\
=007  cr\|||||||||||
=008  121214c20129999caufr\p\o\\\\\0\\\a0eng\\
=010  \\$a  2012273840
=015  \\$aGBB7J7029$2bnb
=022  \\$a2325-839X
=035  \\$a(OCoLC)821214105
=037  \\$aISSN_23258381$bPortico$nPluto Journals
=040  \\$aDLC$beng$cDLC$dDLC$dOCLCQ$dZCU$dOCLCO$dCOO$dOCLCO$dOCLCF$dOCLCO$dDLC$dOCLCO$dTEF$dUk$erda
=042  \\$amsc$ansdp$aukblsr
=050  10$aISSN RECORD
=050  \4$aBP52$b.I87
=082  04$a305.697$223
=222  \0$aIslamophobia studies journal$b(Online)
=245  00$aIslamophobia studies journal.
=246  1\$aISJ
=246  1\$aIslamphobia
=264  \1$aBerkeley, CA :$bIslamophobia Research and Documentation Project, Center for Race and Gender, University of California, Berkeley,$c2012-
=310  \\$aSemiannual
=336  \\$atext$2rdacontent
=337  \\$acomputer$2rdamedia
=338  \\$aonline resource$2rdacarrier
=362  1\$aBegan with: Volume 1, Issue 1 (Fall 2012).
=588  \\$aDescription based on: Volume 1, Issue 1 (Fall 2012) ; title from PDF cover (crg.berkeley.edu website, viewed April 6, 2016).
=588  \\$aLatest issue consulted: volume 4, issue 1 (Fall 2017) (crg.berkeley.edu website, viewed February 7, 2018).
=650  \0$aIslamophobia$vPeriodicals.
=650  \7$aIslamophobia.$2fast$0(OCoLC)fst01737869
=655  \7$aPeriodicals.$2fast$0(OCoLC)fst01411641
=690  7\$aSocial Welfare$2blcoll
=710  2\$aUniversity of California, Berkeley.$bCenter for Race and Gender.
=710  2\$aUniversity of California, Berkeley.$bIslamophobia Research and Documentation Project.
=776  08$iPrint version:$tIslamophobia studies journal$x2325-8381
=852  41$aBritish Library$bHMNTS$jELD Digital store$3Volume 1:Issue 1(2012)-
=856  40$uhttp://crg.berkeley.edu/content/islamophobia-studies-journal
=856  40$3JSTOR$uhttp://www.jstor.org/journal/islastudj
=859  \\$aELD$bejournal
=985  \\$aNew to Pluto Journals starting 2018 - please update publisher details and seek transfer of ISSN record when first Pluto issue has been published (19/10/17)
=CAT  \\$a11433$b40$c20170121$lBLL01$h1046
=CAT  \\$a10983$b40$c20170203$lBLL01$h1052
=CAT  \\$a10983$b40$c20170218$lBLL01$h0949
=CAT  \\$a10806$b40$c20171019$lBLL01$h0952
=CAT  \\$a10806$b40$c20171019$lBLL01$h0958
=CAT  \\$a10806$b40$c20171019$lBLL01$h1054
=CAT  \\$a10806$b40$c20171019$lBLL01$h1056
=CAT  \\$a10806$b40$c20171019$lBLL01$h1101
=CAT  \\$aBATCH-SWP$c20171027$lBLL01$h2210
=CAT  \\$aW1711-1005$c20171206$lBLL01$h1830
=CAT  \\$a10806$b40$c20180207$lBLL01$h1151
=FIN  \\$aY$d20171019
=FMT  \\$a  SE
=LAS  \\$a10806$b40$c20180207$lBLL01$h1151
=MNI  \\$a2325-8381
=SID  \\$aZ39$bOCLC

