=LDR  04903cas a2201045 i 4500
=001  018188219
=003  Uk
=005  20220930143014.0
=006  m\\\\\\\\d\\\\\\\\
=007  cr\|||||||||||
=008  170124c20169999enkqr\p\s\\\\\0\\\a0eng\\
=022  \\$y2379-8939
=040  \\$aUk$beng$cUk$erda
=042  \\$aukblsr
=082  04$a006.305$223
=245  00$aIEEE transactions on cognitive and developmental systems.
=246  30$aTransactions on cognitive and developmental systems
=246  3\$aInstitute of Electrical and Electronics Engineers transactions on cognitive and developmental systems
=246  13$aTCDS
=264  \1$aPiscataway, NJ :$bIEEE Computational Intelligence Society and the IEEE Consumer Electronics Society,$c2016-
=300  \\$billustrations (black and white, and colour)
=310  \\$aQuarterly
=336  \\$atext$2rdacontent
=337  \\$acomputer$2rdamedia
=338  \\$aonline resource$2rdacarrier
=362  0\$aVolume 8, number 1 (March 2016)-
=500  \\$aTitle from Journal home page (IEEE Xplore, viewed February 14, 2017).
=538  \\$aMode of access: World Wide Web.
=540  \\$aCurrent copyright fee: GBP27.50$c32\0$5Uk
=588  \\$aLatest issue consulted: Volume 8, number 4 (December 2016) (viewed February 14, 2017).
=650  \0$aCognition$vPeriodicals.
=650  \0$aCognitive science$vPeriodicals.
=650  \0$aArtifical intelligence$vPeriodicals.
=710  2\$aIEEE Computational Intelligence Society,$eissuing body.
=710  2\$aIEEE Consumer Electronics Society,$eissuing body.
=776  08$iAlso issued in print as:$tIEEE transactions on cognitive and developmental systems$x2379-8920
=780  00$tIEEE transactions on autonomous mental development (Online)$x1943-0612
=852  \\$aBritish Library$bDSC$j4363.167200$3Volume 8:Issue 1(2016)-***See ESTAR for full holdings.
=856  40$31850-9999$uhttp://ieeexplore.ieee.org/Xplore/home.jsp$xBLDSS
=856  40$uhttp://ieeexplore.ieee.org/xpl/mostRecentIssue.jsp?punumber=7274989
=945  \\$aIEEE Transactions on cognitive and developmental systems.
=959  \\$fCurrently received
=985  \\$aISSN still work record on Portal 14/2/17
=ACF  \\$aPrevious copyright fee: GBP24.44$c32\0$e24-jan-2017$fGBP24.44$g0$hP$5Uk
=ACF  \\$aPrevious copyright fee: GBP26.40$c32\0$e01-apr-2017$fGBP26.40$g0$hP$5Uk
=ACF  \\$aPrevious copyright fee: GBP25.38$c32\0$e01-oct-2017$fGBP25.38$g0$hP$5Uk
=ACF  \\$aPrevious copyright fee: GBP23.57$c32\0$e01-apr-2018$fGBP23.57$g0$hP$5Uk
=ACF  \\$aPrevious copyright fee: GBP25.38$c32\0$e01-oct-2018$fGBP25.38$g0$hP$5Uk
=ACF  \\$aPrevious copyright fee: GBP26.40$c32\0$e01-oct-2019$fGBP26.40$g0$hP$5Uk
=ACF  \\$aPrevious copyright fee: GBP25.38$c32\0$e01-apr-2020$fGBP25.38$g0$hP$5Uk
=ACF  \\$aPrevious copyright fee: GBP26.40$c32\0$e01-jul-2020$fGBP26.40$g0$hP$5Uk
=ACF  \\$aPrevious copyright fee: GBP24.44$c32\0$e01-apr-2021$fGBP24.44$g0$hP$5Uk
=ACF  \\$aPrevious copyright fee: GBP23.57$c32\0$e07-jul-2021$fGBP23.57$g0$hP$5Uk
=CAT  \\$a12654$b40$c20170124$lBLL01$h1147
=CAT  \\$aBLDSS-3PM$b00$c20170203$lBLL01$h1649
=CAT  \\$aBATCH-UPD$b00$c20170203$lBLL01$h1650
=CAT  \\$a8124$b40$c20170214$lBLL01$h1429
=CAT  \\$aBATCH-UPD$b40$c20170221$lBLL01$h1736
=CAT  \\$aIPL-CLA$c20170331$lBLL01$h1929
=CAT  \\$aBATCH-UPD$b00$c20170904$lBLL01$h1937
=CAT  \\$aIPL-CLA$c20170929$lBLL01$h1814
=CAT  \\$aBATCH-UPD$b00$c20180223$lBLL01$h1813
=CAT  \\$aIPL-CLA$c20180331$lBLL01$h1720
=CAT  \\$aBATCH-UPD$b00$c20180823$lBLL01$h1953
=CAT  \\$aIPL-CLA$c20180930$lBLL01$h1521
=CAT  \\$aBATCH-UPD$b00$c20190829$lBLL01$h1553
=CAT  \\$aIPL-CLA$c20190930$lBLL01$h1658
=CAT  \\$aBATCH-UPD$b00$c20200219$lBLL01$h1534
=CAT  \\$aIPL-CLA$c20200331$lBLL01$h1637
=CAT  \\$aBATCH-UPD$b00$c20200522$lBLL01$h1518
=CAT  \\$aIPL-CLA$c20200701$lBLL01$h0123
=CAT  \\$aBATCH-UPD$b00$c20210226$lBLL01$h1100
=CAT  \\$aIPL-CLA$c20210331$lBLL01$h1704
=CAT  \\$aBATCH-UPD$b00$c20210707$lBLL01$h1623
=CAT  \\$aIPL-CLA$c20210707$lBLL01$h1845
=CAT  \\$aBATCH-UPD$b00$c20220520$lBLL01$h1704
=CAT  \\$aIPL-CLA$c20220630$lBLL01$h1540
=CAT  \\$aBATCH-UPD$b00$c20220824$lBLL01$h0928
=CAT  \\$aIPL-CLA$c20220930$lBLL01$h1430
=CFI  0\$aCurrent copyright fee: GBP27.50$c32\0$e01-oct-2022$fGBP27.50$g0$hP$5Uk
=CFI  2\$aPrevious copyright fee: GBP26.40$c32\0$e01-jul-2022$fGBP26.40$g0$hP$5Uk
=EST  \\$a1
=FFP  \\$aY$bBLDSS-3PM
=FIN  \\$aY$d20170214
=FMT  \\$a  SE
=LAS  \\$aIPL-CLA$b00$c20220930$lBLL01$h1430
=LKR  \\$aPAR$b015289984$lBLL01$nIEEE transactions on autonomous mental development (Online)$mIEEE transactions on cognitive and developmental systems$r78000
=MNI  \\$a2379-8920
=TOC  \\$aETOC
=UNO  \\$aY

