=LDR  02705cas a2200709 i 4500
=001  018192826
=003  Uk
=005  20230309145457.0
=006  m\\\\\|\\d\|\\\\\\
=007  cr\|||||||||||
=008  170128c20169999pauqr\p\o\\\\\0\\\a0eng\\
=022  0\$a2473-3709
=037  \\$aISSN_24793709$bPortico$nLippincott Williams & Wilkins
=040  \\$aUk$beng$cUk$erda
=042  \\$aukblsr
=082  04$a613.905$223
=245  00$aGlobal reproductive health.
=264  \1$a[Philadelphia] :$bWolters Kluwer,$c2016-
=310  \\$aQuarterly
=336  \\$atext$2rdacontent
=337  \\$acomputer$2rdamedia
=338  \\$aonline resource$2rdacarrier
=362  0\$aVolume 1, issue e1 (September 2016)-
=500  \\$aTitle from journal home page (publisher's Web site, viewed October 9, 2017).
=540  \\$aCurrent copyright fee: zero$c20\0$5Uk
=550  \\$a"Published on behalf of the International Federation of Fertility Societies (IFFS)."
=650  \0$aReproductive health$vPeriodicals.
=710  2\$aInternational Federation of Fertility Societies.
=852  41$aBritish Library$bHMNTS$jELD Digital store$3Volume 1:Issue 1(2016)-
=856  \\$31850-9999$uhttp://journals.lww.com/pages/default.aspx$xBLDSS
=856  40$uhttp://journals.lww.com/grh/pages/default.aspx
=859  \\$aELD$bejournal
=945  \\$aGlobal reproductive health
=979  \\$aBritish Library$bDSC$j4195.475256N
=985  \\$aUS work record on ISSN Portal; key title not added.
=CAT  \\$a11433$b40$c20170128$lBLL01$h0824
=CAT  \\$a10983$b40$c20170406$lBLL01$h1428
=CAT  \\$a11205$b40$c20171009$lBLL01$h1219
=CAT  \\$a11205$b40$c20171009$lBLL01$h1220
=CAT  \\$a10983$b40$c20171030$lBLL01$h1144
=CAT  \\$a5552$b40$c20171102$lBLL01$h0830
=CAT  \\$aBLDSS-3PM$b00$c20171110$lBLL01$h1600
=CAT  \\$aBATCH-UPD$b00$c20171110$lBLL01$h1620
=CAT  \\$aW1711-1005$c20171206$lBLL01$h1830
=CAT  \\$a5410$b40$c20181227$lBLL01$h1029
=CAT  \\$a5410$b40$c20181227$lBLL01$h1033
=CAT  \\$a12654$b40$c20230208$lBLL01$h0848
=CAT  \\$a12654$b40$c20230208$lBLL01$h0850
=CAT  \\$a5410$b40$c20230214$lBLL01$h1048
=CAT  \\$a5410$b40$c20230220$lBLL01$h1335
=CAT  \\$a5410$b40$c20230306$lBLL01$h1120
=CAT  \\$a5410$b40$c20230309$lBLL01$h1454
=CFI  0\$aCurrent Copyright Fee: zero$c20\0$e08-feb-2023$fGBP0.00$g0$hP$5Uk
=CFI  2\$aPrevious Copyright Fee: GBP32.00$c20\0$e02-nov-2017$fGBP32.00$g0$hP$5Uk
=FFP  \\$aY$bBLDSS-3PM
=FIN  \\$aY$d20171009
=FMT  \\$a  SE
=LAS  \\$a5410$b40$c20230309$lBLL01$h1454
=LET  \0$aGlobal reproductive health (Electronic)
=MNI  \\$a2473-3709
=TOC  \\$aETOC
=UNO  \\$aY

