=LDR  03641cas a2200709 i 4500
=001  018212602
=003  Uk
=005  20221231145422.0
=006  m\\\\\\\\d\|\\\\\\
=007  co||||||||||||
=008  170206c201u9999rm\fr\p\q\\\\\0\\\a0eng\\
=022  0\$a2457-1407
=040  \\$aUk$beng$cUk$erda
=042  \\$aukblsr
=082  04$a636.089$223
=245  00$aBulletin of University of Agricultural Sciences and Veterinary Medicine Cluj-Napoca.$pVeterinary Medicine.
=246  30$aVeterinary Medicine
=246  13$aBulletin USAMV veterinary medicine
=264  \1$aCluj-Napoca, Romania :$bEAP, Editura AcademicPres
=300  \\$aCD-ROMs :$billustrations (colour) ;$c3 3/4 in.
=310  \\$aSemiannual
=336  \\$atext$2rdacontent
=337  \\$acomputer$2rdamedia
=338  \\$acomputer disc$2rdacarrier
=538  \\$aSystem requirements: IBM compatible PC running Windows 98 or later; Adobe Acrobat Reader.
=540  \\$aCurrent Copyright Fee: GBP25.00$c0$5Uk
=588  \\$aDescription based on: volume 73 (1) (2016) issue; title from disc label.
=650  \0$aVeterinary medicine$vPeriodicals.
=710  2\$aUniversitatea de Științe Agricole și Medicină Veterinară Cluj-Napoca,$eissuing body.
=776  08$iPrint version:$tBulletin of University of Agricultural Sciences and Veterinary Medicine Cluj-Napoca. Veterinary Medicine$x1843-5262
=776  08$iOnline version:$tBulletin of University of Agricultural Sciences and Veterinary Medicine Cluj-Napoca. Veterinary Medicine$x1843-5378
=852  41$aBritish Library$bDSC$cV$j2785.830001$3Vol.72, no. 2 (2015)-
=945  \\$aBulletin of University of Agricultural Sciences and Veterinary Medicine Cluj-Napoca. Veterinary Medicine CDROM
=959  \\$fCurrently received
=985  \\$aPublisher has replied to claim that print has ceased, but ISSN record has additional physical format for print & no other evidence that print has ceased - unsure.
=985  \\$aWork ISSN - no 222 added.
=ACF  \\$aPrevious copyright fee: GBP15.00$c0$e17-feb-2017$fGBP15.00$g0$hA$5Uk
=ACF  \\$aPrevious Copyright Fee: GBP17.50$c0$e01-jan-2018$fGBP17.50$g0$hA$5Uk
=ACF  \\$aPrevious Copyright Fee: GBP20.00$c0$e01-jan-2020$fGBP20.00$g0$hA$5Uk
=CAT  \\$a3072$b40$c20170206$lBLL01$h1104
=CAT  \\$a3072$b40$c20170206$lBLL01$h1350
=CAT  \\$a3072$b40$c20170206$lBLL01$h1445
=CAT  \\$a3072$b40$c20170206$lBLL01$h1537
=CAT  \\$a3072$b40$c20170207$lBLL01$h1133
=CAT  \\$a9713$b40$c20170217$lBLL01$h1149
=CAT  \\$aBATCH-CLA$b00$c20171222$lBLL01$h2221
=CAT  \\$aIPL-CLA$c20171231$lBLL01$h1834
=CAT  \\$aBATCH-CLA$b00$c20191219$lBLL01$h1804
=CAT  \\$aIPL-CLA$c20191231$lBLL01$h2044
=CAT  \\$aR2001-1524$c20200127$lBLL01$h2108
=CAT  \\$aBATCH-CLA$b00$c20201204$lBLL01$h1616
=CAT  \\$aIPL-CLA$c20201231$lBLL01$h1534
=CAT  \\$aBATCH-CLA$b00$c20221221$lBLL01$h1934
=CAT  \\$aIPL-CLA$c20221231$lBLL01$h1454
=CFI  0\$aCurrent Copyright Fee: GBP25.00$c0$e01-jan-2023$fGBP25.00$g0$hA$5Uk
=CFI  2\$aPrevious Copyright Fee: GBP22.50$c0$e01-jan-2021$fGBP22.50$g0$hA$5Uk
=FIN  \\$aY$d20170206
=FMT  \\$a  SE
=LAS  \\$aIPL-CLA$b00$c20221231$lBLL01$h1454
=LET  \0$aBulletin of University of Agricultural Sciences and Veterinary Medicine Cluj-Napoca. Veterinary Medicine (CD-ROM)
=LKR  \\$aPAR$b015452184$lBLL01$r776$mBulletin of University of Agricultural Sciences and Veterinary Medicine Cluj-Napoca. Veterinary Medicine (Online)$nBulletin of University of Agricultural Sciences and Veterinary Medicine Cluj-Napoca. Veterinary Medicine (Print)
=TOC  \\$aETOC

