=LDR  03390cas a2200697 i 4500
=001  018212806
=003  Uk
=005  20221231145423.0
=006  m\\\\\\\\d\|\\\\\\
=007  co||||||||||||
=008  170206c201u9999rm\fr\p\q\\\\\0\\\a0eng\\
=022  0\$a2457-1393
=040  \\$aUk$beng$cUk$erda
=042  \\$aukblsr
=082  04$a664.005$223
=245  00$aBulletin of University of Agricultural Sciences and Veterinary Medicine Cluj-Napoca.$pFood science and technology.
=246  30$aFood science and technology
=246  1\$iDisc label title:$aBulletin of University of Agricultural Sciences and Veterinary Medicine Cluj-Napoca.$pFood science and technologies
=246  13$aBulletin UASVM food science and technology
=264  \1$aCluj-Napoca, Romania :$bEAP, Editura AcademicPres
=300  \\$aCD-ROMs :$billustrations (colour) ;$c3 3/4 in.
=336  \\$atext$2rdacontent
=337  \\$acomputer$2rdamedia
=338  \\$acomputer disc$2rdacarrier
=540  \\$aCurrent Copyright Fee: GBP25.00$c0$5Uk
=588  \\$aDescription based on: volume 73 (1) (2016) issue; title from PDF title page.
=650  \0$aFood$xAnalysis$vPeriodicals.
=650  \0$aFood$xComposition$vPeriodicals.
=650  \0$aFood industry and trade$vPeriodicals.
=776  08$iPrint version:$tBulletin of University of Agricultural Sciences and Veterinary Medicine Cluj-Napoca. Food Science and Technology$x2344-2344
=776  08$iOnline version:$tBulletin of University of Agricultural Sciences and Veterinary Medicine Cluj-Napoca. Food Science and Technology$x2344-5300
=852  41$aBritish Library$bDSC$cV$j2785.815001$3Vol. 72, no. 2 (2015)-
=945  \\$aBulletin of University of Agricultural Sciences and Veterinary Medicine Cluj-Napoca. Food science and technology CDROM
=959  \\$fCurrently received
=985  \\$aWork ISSN; 222 not added; PDF source of title chosen as this corresponds with print title & proposed ISSN title.
=ACF  \\$aPrevious copyright fee: GBP15.00$c0$e17-feb-2017$fGBP15.00$g0$hA$5Uk
=ACF  \\$aPrevious Copyright Fee: GBP17.50$c0$e01-jan-2018$fGBP17.50$g0$hA$5Uk
=ACF  \\$aPrevious Copyright Fee: GBP20.00$c0$e01-jan-2020$fGBP20.00$g0$hA$5Uk
=CAT  \\$a3072$b40$c20170206$lBLL01$h1438
=CAT  \\$a3072$b40$c20170206$lBLL01$h1453
=CAT  \\$a3072$b40$c20170206$lBLL01$h1538
=CAT  \\$a3072$b40$c20170206$lBLL01$h1559
=CAT  \\$a3072$b40$c20170207$lBLL01$h1126
=CAT  \\$a3072$b40$c20170207$lBLL01$h1130
=CAT  \\$a9713$b40$c20170217$lBLL01$h1508
=CAT  \\$aBATCH-CLA$b00$c20171222$lBLL01$h2221
=CAT  \\$aIPL-CLA$c20171231$lBLL01$h1834
=CAT  \\$aBATCH-CLA$b00$c20191219$lBLL01$h1804
=CAT  \\$aIPL-CLA$c20191231$lBLL01$h2044
=CAT  \\$aR2001-1524$c20200127$lBLL01$h2108
=CAT  \\$aBATCH-CLA$b00$c20201204$lBLL01$h1616
=CAT  \\$aIPL-CLA$c20201231$lBLL01$h1534
=CAT  \\$aBATCH-CLA$b00$c20221221$lBLL01$h1934
=CAT  \\$aIPL-CLA$c20221231$lBLL01$h1454
=CFI  0\$aCurrent Copyright Fee: GBP25.00$c0$e01-jan-2023$fGBP25.00$g0$hA$5Uk
=CFI  2\$aPrevious Copyright Fee: GBP22.50$c0$e01-jan-2021$fGBP22.50$g0$hA$5Uk
=FIN  \\$aY$d20170206
=FMT  \\$a  SE
=LAS  \\$aIPL-CLA$b00$c20221231$lBLL01$h1454
=LET  \0$aBulletin of University of Agricultural Sciences and Veterinary Medicine Cluj-Napoca. Food science and technology (CD-ROM)
=TOC  \\$aETOC

