=LDR  01741 as a2200457 i 4500
=001  018218305
=003  Uk
=005  20170825103721.0
=007  ta
=008  170208d19251925fr\mr\p\\\\\\\0\\\b0fre\\
=022  0\$a2113-2704
=040  \\$aUk$beng$cUk$erda
=042  \\$aukblsr
=082  04$a805$223
=222  \3$aLe Radeau
=245  03$aLe radeau.
=264  \1$a[Paris] :$b[Le Radeau],$c1925.
=264  \3$aDijon :$bDarantière.
=300  \\$c25 cm
=310  \\$aMonthly
=336  \\$atext$2rdacontent
=337  \\$aunmediated$2rdamedia
=338  \\$avolume$2rdacarrier
=362  0\$aPremier numéro (31 janvier 1925)-
=362  1\$aCeased with numéro 2 (28 février 1925).
=500  \\$aContributors: Olga Anhoury, François Berge, Maurice Betz, Jacques Calmy, Blaise Cendrars, René Crevel, Joseph Delteil, Ilya Ehrenbourg, Géo-Charles, René Guénon, André Harlaire, Pierre Reverdy.
=650  \0$aLiterature$vPeriodicals.
=650  \0$aFrench literature$vPeriodicals.
=650  \0$aArts$vPeriodicals.
=650  \0$aArts, French$vPeriodicals.
=700  1\$aCalmy, Jacques,$eeditor.
=852  41$aBritish Library$bHMNTS$jZF.9.a.11333$3Number 1(Jan. 1925)- no. 2(Feb. 1925)
=985  \\$a700: new, please add to AC.
=985  \\$aBL request from Curator Romance Collections, European Collections, St Pancras. Catalogued from a scan of cover and verso of first issue. DDC and publisher information taken from ISSN Portal record.
=CAT  \\$a9465$b40$c20170208$lBLL01$h1110
=CAT  \\$a11205$b40$c20170227$lBLL01$h1735
=CAT  \\$a11205$b40$c20170228$lBLL01$h0927
=CAT  \\$a14484$b40$c20170825$lBLL01$h1037
=FIN  \\$aY$d20170227
=FMT  \\$a  SE
=LAS  \\$a14484$b40$c20170825$lBLL01$h1037

