=LDR  04593cas a2201009 i 4500
=001  018218382
=003  Uk
=005  20230420103816.0
=006  m\\\\\o\\d\\\\\\\\
=007  cr\|||||||||||
=008  170112c20179999enkqr\p\o\\\\u0\\\a0eng\c
=010  \\$a  2017247766
=015  \\$aGBB7A3650$2bnb
=022  \\$a2468-7812$l2468-7812
=035  \\$a(OCoLC)968922383
=037  \\$aISSN_24687812$bPortico$nElsevier
=040  \\$aCNCGM$beng$cCNCGM$dUAB$dOCLCQ$dOH1$dOCLCO$dMDU$dOCLCO$dOCLCF$dPFM$dSTF$dOCLCO$dZ5A$dOCLCO$dUk$erda$epn
=042  \\$aukblsr
=050  04$aRD736.M25
=082  04$a615.82$223
=222  \0$aMusculoskeletal science and practice$b(Online)
=245  00$aMusculoskeletal science and practice.
=264  \1$a[London] :$bElsevier Ltd.,$c[2017]-
=300  \\$a1 online resource :$billustrations (black and white, and colour)
=310  \\$aQuarterly
=336  \\$atext$btxt$2rdacontent
=337  \\$acomputer$bc$2rdamedia
=338  \\$aonline resource$bcr$2rdacarrier
=362  1\$aBegan with volume 27, supplement 1 (January 2017).
=500  \\$a"Official journal of: Musculoskeletal Association of Chartered Physiotherapists, UK, [and] The Dutch Association for Manual Therapy"--journal home page (Elsevier.com , viewed February 21, 2017).
=540  \\$aCurrent copyright fee: GBP34.30$c5\1$5Uk
=588  \\$aDescription based on: Volume 28 (April 2018); title from journal home page (ScienceDirect.com, viewed February 21, 2017).
=588  \\$aLatest issue consulted: Volume 29 (June 2017) (ScienceDirect, viewed June 21, 2017).
=650  \0$aManipulation (Therapeutics)$vPeriodicals.
=650  \0$aPhysical therapy$vPeriodicals.
=650  \0$aNeuromuscular diseases$xTreatment$vPeriodicals.
=650  \0$aMusculoskeletal system$xDiseases$vPeriodicals.
=650  \7$aManipulation (Therapeutics)$2fast$0(OCoLC)fst01007737
=650  \7$aNeuromuscular diseases$xTreatment.$2fast$0(OCoLC)fst01036426
=650  \7$aPhysical therapy.$2fast$0(OCoLC)fst01062771
=650  \2$aManipulation, Orthopedic.
=650  \2$aMusculoskeletal Diseases$xtherapy.
=650  \2$aNeuromuscular Diseases$xtherapy.
=650  \2$aPhysical Therapy Modalities.
=655  \4$aElectronic journals.
=655  \7$aPeriodicals.$2fast$0(OCoLC)fst01411641
=710  2\$aMusculoskeletal Association of Chartered Physiotherapists, UK.,$eissuing body.
=710  2\$aNederlandse Vereniging voor Manuele Therapie,$eissuing body.
=780  00$tManual therapy (Online)$x1532-2769
=852  41$aBritish Library$bHMNTS$jELD Digital store$3Volume 27(2017)-
=852  \\$aBritish Library$bDSC$j5986.535400$3Volume 27(2017)-Volume 32(2017)***See ESTAR for full holdings.
=856  \\$31850-9999$uhttp://www.sciencedirect.com/$xBLDSS
=856  40$uhttps://www.clinicalkey.com/#!/browse/journal/24687812/latest
=856  40$3Elsevier$uhttps://www.journals.elsevier.com/musculoskeletal-science-and-practice
=859  \\$aELD$bejournal
=945  \\$aMusculoskeletal science and practice
=959  \\$fHeld but not currently received
=979  \\$aBritish Library$bDSC$j5986.535400
=985  \\$aPrint ISSN still work, may now be online only
=ACF  \\$aPrevious copyright fee: GBP22.50$c5\1$e08-feb-2017$fGBP22.50$g0$hP$5Uk
=ACF  \\$aPrevious copyright fee: GBP23.40$c5\1$e01-jan-2018$fGBP23.40$g0$hP$5Uk
=CAT  \\$a8055$b40$c20170208$lBLL01$h1236
=CAT  \\$aBLDSS-3PM$b00$c20170215$lBLL01$h1340
=CAT  \\$aBATCH-UPD$b00$c20170215$lBLL01$h1354
=CAT  \\$a14346$b40$c20170502$lBLL01$h0903
=CAT  \\$a8124$b40$c20170621$lBLL01$h1353
=CAT  \\$aBATCH-UPD$b40$c20171121$lBLL01$h1756
=CAT  \\$aW1711-1005$c20171206$lBLL01$h1830
=CAT  \\$a10983$b40$c20171220$lBLL01$h1506
=CAT  \\$aIPL-CLA$c20171231$lBLL01$h1834
=CAT  \\$aW1805-0471$c20180520$lBLL01$h1140
=CAT  \\$aBATCH-UPD$b00$c20190521$lBLL01$h1447
=CAT  \\$aIPL-CLA$c20190630$lBLL01$h1549
=CAT  \\$aBATCH-UPD$b00$c20211119$lBLL01$h1603
=CAT  \\$aIPL-CLA$c20211231$lBLL01$h1547
=CAT  \\$a5410$b40$c20230420$lBLL01$h1038
=CFI  0\$aCurrent copyright fee: GBP34.30$c5\1$e01-jan-2022$fGBP34.30$g0$hP$5Uk
=CFI  2\$aPrevious copyright fee: GBP32.84$c5\1$e01-jul-2019$fGBP32.84$g0$hP$5Uk
=EST  \\$a1
=FFP  \\$aY$bBLDSS-3PM
=FIN  \\$aY$d20170621
=FMT  \\$a  SE
=LAS  \\$a5410$b40$c20230420$lBLL01$h1038
=LKR  \\$aPAR$b012434322$lBLL01$nManual therapy (Online)$mMusculoskeletal science and practice (Online)$r78000
=MNI  \\$a2468-8630
=SID  \\$aZ39$bOCLC
=TOC  \\$aETOC

