=LDR  03087cas a2200781 i 4500
=001  018232383
=003  Uk
=005  20221231145423.0
=006  m\\\\\\\\d\\\\\\\\
=007  cr\un||||a||||
=008  100422c19949999paufr\p\o\\\\\0\\\a0eng\\
=010  \\$a  2016201478
=022  0\$a2470-9565$y1533-2276$l1533-2276$21
=035  \\$a(OCoLC)608566118
=037  \\$aISSN_15332276$bPortico$nTaylor & Francis
=040  \\$aOCLCE$beng$cOCLCE$dOCLCQ$dWEA$dOCLCF$dDLC$dOCLCA$dUk$erda
=042  \\$aukblsr
=050  \4$aLC3991$b.G56
=082  04$a371.9505$223
=130  0\$aGifted and talented international (Online)
=245  10$aGifted and talented international.
=246  13$aGTI
=264  \1$aWilliamsburg, VA :$bWorld Council for Gifted and Talented Children,$c1994-
=264  31$32016-$aPhiladelphia, PA :$bTaylor & Francis
=310  \\$aTwo issues yearly
=336  \\$atext$btxt$2rdacontent
=337  \\$acomputer$bc$2rdamedia
=338  \\$aonline resource$bcr$2rdacarrier
=362  0\$aVolume 9, issue 1 (1994)-
=540  \\$aCurrent copyright fee: GBP37.00$c2\0$5Uk
=580  \\$aIncludes issues of earlier title: Gifted international.
=588  \\$aLatest issue consulted: volume 31, issue 2 (2016) (Taylor & Francis Online, viewed October 11, 2017).
=650  \0$aGifted children$vPeriodicals.
=650  \0$aGifted children$xEducation$vPeriodicals.
=650  \7$aGifted children.$2fast$0(OCoLC)fst00942561
=650  \7$aGifted children$xEducation.$2fast$0(OCoLC)fst00942566
=655  \7$aPeriodicals.$2fast$0(OCoLC)fst01411641
=690  7\$aSocial Welfare$2blcoll
=710  2\$aWorld Council for Gifted and Talented Children,$eissuing body.
=776  08$iPrint version:$tGifted and talented international$x1533-2276
=780  10$tGifted international
=852  41$aBritish Library$bHMNTS$jELD Digital store$3Volume 31:Issue 1(2016)-
=856  \\$31850-9999$uhttp://www.tandfonline.com/$xBLDSS
=856  40$uhttp://www.tandfonline.com/ugti
=859  \\$aELD$bejournal
=945  \\$aGifted and talented international
=979  \\$aBritish Library$bDSC$j4175.295000N
=985  \\$aPrint not selected for DSC, record not linked
=985  \\$aISSN still Work on Portal, 11/10/17
=CAT  \\$a10983$b40$c20170218$lBLL01$h0923
=CAT  \\$a8124$b40$c20171011$lBLL01$h1030
=CAT  \\$a8124$b40$c20171011$lBLL01$h1531
=CAT  \\$aBATCH-SWP$c20171020$lBLL01$h2226
=CAT  \\$aW1711-1005$c20171206$lBLL01$h1830
=CAT  \\$a5552$b40$c20210928$lBLL01$h1036
=CAT  \\$aBLDSS-3PM$b00$c20211006$lBLL01$h0845
=CAT  \\$aBATCH-UPD$b00$c20211006$lBLL01$h0845
=CAT  \\$aBATCH-UPD$b00$c20221121$lBLL01$h1350
=CAT  \\$aIPL-CLA$c20221231$lBLL01$h1454
=CFI  0\$aCurrent copyright fee: GBP37.00$c2\0$e01-jan-2023$fGBP37.00$g0$hP$5Uk
=CFI  2\$aPrevious copyright fee: GBP35.00$c2\0$e28-sep-2021$fGBP35.00$g0$hP$5Uk
=FFP  \\$aY$bBLDSS-3PM
=FIN  \\$aY$d20171011
=FMT  \\$a  SE
=LAS  \\$aIPL-CLA$b00$c20221231$lBLL01$h1454
=MNI  \\$a1533-2276
=SID  \\$aZ39$bOCLC
=TOC  \\$aETOC

