=LDR  01149cas a22003258i 4500
=001  018232874
=003  Uk
=005  20180131140224.0
=006  m\\\\\\\\d\|\\\\\\
=007  cr||||||||||||
=008  170220c20139999enkar\p\o\\\\\0\\\a0eng\\
=022  0\$a2514-1120$202
=037  \\$a???$bBusiness Monitor International
=040  \\$aUk$beng$cUk$erda
=222  \0$aAcelity medical device companies analysis report
=245  00$aAcelity medical device companies analysis report.
=263  \\$a201712
=264  \1$aLondon :$bBMI Research
=310  \\$aAnnual
=336  \\$atext$2rdacontent
=337  \\$acomputer$2rdamedia
=338  \\$aonline resource$2rdacarrier
=852  41$aBritish Library$bHMNTS$jELD Digital store
=859  \\$aELD$bejournal
=985  \\$aISSN UK Centre note: title began in 2013 (published by Espicom) ; will be annual from 2017, published by BMI Research (no earlier copies available so assigned pre-publication ISSN).
=CAT  \\$a10973$b40$c20170220$lBLL01$h1108
=CAT  \\$a10973$b40$c20170220$lBLL01$h1109
=CAT  \\$a15020$b40$c20180131$lBLL01$h1402
=FMT  \\$a  SE
=LAS  \\$a15020$b40$c20180131$lBLL01$h1402

