=LDR  01464cas a2200409 i 4500
=001  018233070
=003  Uk
=005  20220713131432.0
=007  ta
=008  170220d20152015po\fr\p\\\\\\\0\\\a0eng\\
=022  \\$a2183-4962
=040  \\$aUk$beng$cUk$erda
=042  \\$aukblsr
=082  04$a909.0496658$223
=245  00$aJournal of Cape Verdean studies.
=264  \1$aRamada, Portugal :$bPublished by Ediçõ Pedago on behalf of Pedro Pires Institute for Cape Verdean Studies,$c2015-
=300  \\$c23 cm
=310  \\$aSemiannual
=336  \\$atext$2rdacontent
=337  \\$aunmediated$2rdamedia
=338  \\$avolume$2rdacarrier
=362  1\$aBegan with number 1 (2015).
=588  \\$aDescription based on: number 2 (October 2015).
=650  \0$aCabo Verdeans$zForeign countries.
=651  \0$aCabo Verde$xHistory.
=710  2\$aPedro Pires Institute for Cape Verdean Studies,$eissuing body.
=852  41$aBritish Library$bHMNTS$jZD.9.a.2702$3No. 2 (2015)
=985  \\$aScans sent to ISSN Portugal for completion of Work record (Richard (Leeds), 03/07/17). Still 'Work' (02/08/17)
=CAT  \\$a8496$b40$c20170220$lBLL01$h1405
=CAT  \\$a5997$b40$c20170628$lBLL01$h1404
=CAT  \\$a10806$b40$c20170703$lBLL01$h0931
=CAT  \\$a10806$b40$c20170802$lBLL01$h1427
=CAT  \\$a8871$b40$c20170802$lBLL01$h1515
=CAT  \\$a7764$b40$c20220713$lBLL01$h1314
=FIN  \\$aY$d20170628
=FMT  \\$a  SE
=LAS  \\$a7764$b40$c20220713$lBLL01$h1314

