=LDR  02259cas a2200577 i 4500
=001  018239951
=003  Uk
=005  20170306105233.0
=007  ta
=008  170228c20179999vaumr\p\\\\\\\0\\\a0eng\\
=022  0\$a2473-2907
=040  \\$aUk$beng$cUk$erda
=042  \\$aukblsr
=082  04$a629.04$223
=245  00$aJournal of transportation engineering.$nPart A,$pSystems.
=246  30$aSystems
=246  17$aJ. transp. eng., Part A, syst
=264  \1$aReston, VA :$bAmerican Society of Civil Engineers,$c2017-
=300  \\$billustrations (black and white) ;$c28 cm
=310  \\$aMonthly
=336  \\$atext$2rdacontent
=337  \\$aunmediated$2rdamedia
=338  \\$avolume$2rdacarrier
=362  0\$aVolume 143, issue 1 (January 2017)-
=540  \\$aCurrent Copyright Fee: GBP22.58$c92\0$5Uk
=588  \\$aLatest issue consulted: Volume 143, issue 2 (February 2017).
=650  \0$aTransportation engineering$vPeriodicals.
=710  2\$aAmerican Society of Civil Engineers,$eissuing body.
=776  08$iAlso issued online as:$tJournal of transportation engineering. Part A, Systems
=780  01$tJournal of transportation engineering$x0733-947X
=852  41$aBritish Library$bDSC$j5070.355000$3Vol. 143, No. 1 (2017)-
=856  \\$31850-9999$uhttp://www.asce.org/$xBLDSS
=945  \\$aJournal of transportation engineering part A systems.
=959  \\$fCurrently received
=985  \\$aISSN still work record on Portal Feb 2017, online also work record
=CAT  \\$a8124$b40$c20170228$lBLL01$h1521
=CAT  \\$a8124$b40$c20170301$lBLL01$h0738
=CAT  \\$a8124$b40$c20170301$lBLL01$h0739
=CAT  \\$a8335$b40$c20170306$lBLL01$h1046
=CAT  \\$a8335$b40$c20170306$lBLL01$h1052
=CAT  \\$aBATCH-UPD$b40$c20170307$lBLL01$h2329
=CAT  \\$aBLDSS-3PM$b00$c20170315$lBLL01$h1704
=CAT  \\$aBATCH-UPD$b00$c20170315$lBLL01$h1709
=CFI  0\$aCurrent Copyright Fee: GBP22.58$c92\0$e06-mar-2017$fGBP22.58$g0$hP$5Uk
=FFP  \\$aY$bBLDSS-3PM
=FIN  \\$aY$d20170301
=FMT  \\$a  SE
=LAS  \\$aBATCH-UPD$b00$c20170315$lBLL01$h1709
=LKR  \\$aPAR$b012771537$lBLL01$nJournal of transportation engineering$mJournal of transportation engineering. Part A, Systems$r78001
=TOC  \\$aETOC
=UNO  \\$aY

