=LDR  02801 as a2200661 a 4500
=001  018243493
=003  Uk
=005  20200131113652.0
=007  ta
=008  080129d195u2018kn\uu\p\\\\\\\0\\\k0kor\\
=010  \\$a  2008200728
=022  \\$a1727-9518
=035  \\$a(OCoLC)191675765
=040  \\$aDLC$beng$cDLC$dDLC$dOCLCQ$dOCLCF$dDLC$dOCLCO$dDLC$dOCLCO$dUk
=042  \\$aukblsr
=043  \\$aa-kn---
=050  00$aDS930$b.K56
=082  04$a349.5193$223
=222  \0$aGim'ilseong jonghag daehag hagbo. Ryeogsa, beobhag
=245  00$6880-01$aKim Il-sŏng Chonghap Taehak hakpo.$pYŏksa, pŏmnyul.
=246  30$6880-02$aYŏksa pŏmnyul
=246  13$aGazette of Kim Il Sung University.$pHistory and Law
=260  \\$6880-03$a[P'yŏngyang] :$bKim Il-sŏng Chonghap Taehak Ch'ulp'ansa
=300  \\$c26 cm.
=362  1\$aCeased in 2018.
=580  \\$aSplit into: Kim Il-sŏng Chonghap Taehak hakpo. Yŏksahak, and: Kim Il-sŏng Chonghap Taehak hakpo. Pŏmnyurhak.
=588  \\$aDescription based on: Che 48-kwŏn che 1-ho (2002) = Nugye 339-ho; title from cover.
=588  \\$aLatest issue consulted: Che 63-kwŏn che 1-ho (2017).
=610  20$6880-04.$aKim Il-sŏng Chonghap Taehak$vPeriodicals.
=610  27$aKim Il-sŏng Chonghap Taehak$2fast$0(OCoLC)fst00564924
=650  \0$aLaw$zKorea (North)$vPeriodicals.
=650  \0$aSocialism$zKorea (North)$vPeriodicals.
=650  \7$aLaw.$2fast$0(OCoLC)fst00993678
=650  \7$aSocialism.$2fast$0(OCoLC)fst01123637
=651  \0$aKorea (North)$xHistory$vPeriodicals.
=651  \7$aKorea (North)$2fast$0(OCoLC)fst01214151
=655  \7$aHistory.$2fast$0(OCoLC)fst01411628
=655  \7$aPeriodicals.$2fast$0(OCoLC)fst01411641
=710  2\$6880-05.$aKim Il-sŏng Chonghap Taehak.$bCh'ulp'ansa.
=785  16$tKim Il-sŏng Chonghap Taehak hakpo. Yŏksahak
=785  16$tKim Il-sŏng Chonghap Taehak hakpo. Pŏmnyurhak
=852  41$aBritish Library$bOC$jZP.9.a.504$3n. 1 (2017)- n. 4(2018)
=880  00$6245-01$a김 일성 종합 대학 학보.$p력사, 법률.
=880  13$6246-02$a력사 법률
=880  \\$6260-03$a[P'yŏngyang] :$b김 일성 종합 대학 출판사
=880  24$6610-04$a김 일성 종합 대학$vPeriodicals.
=880  2\$6710-05$a김 일성 종합 대학.$b출판사.
=985  \\$aKey title and preferred title correct, OCLC and ISSN use different transliteration schemes
=CAT  \\$a8496$b40$c20170302$lBLL01$h1117
=CAT  \\$a8496$b40$c20170608$lBLL01$h1105
=CAT  \\$a8124$b40$c20170627$lBLL01$h1137
=CAT  \\$a8124$b40$c20170627$lBLL01$h1457
=CAT  \\$a10806$b40$c20200131$lBLL01$h1057
=CAT  \\$a10806$b40$c20200131$lBLL01$h1136
=FIN  \\$aY$d20170627
=FMT  \\$a  SE
=LAS  \\$a10806$b40$c20200131$lBLL01$h1136
=SID  \\$aZ39$bOCLC

