=LDR  03109 as a2200745 a 4500
=001  018243678
=003  Uk
=005  20200131130452.0
=007  ta
=008  080129d195u2018kn\mr\p\\\\\\\0\\\k0kor\\
=010  \\$a  2008200727
=022  0\$a1727-9526
=035  \\$a(OCoLC)191671516
=040  \\$aDLC$beng$cDLC$dDLC$dOCLCA$dDLC$dOCLCQ$dOCLCF$dDLC$dOCLCO$dUk
=042  \\$aukblsr
=043  \\$aa-kn---
=050  00$aB8.K6$bK56
=082  04$a105$223
=222  \0$aGim'ilseong jonghag daehag hagbo. Ceolhag, gyeongjehag
=245  00$6880-01$aKim Il-sŏng Chonghap Taehak hakpo.$pChŏrhak kyŏngjehak.
=246  13$6880-02$aChŏrhak kyŏngjehak
=246  13$aGazette of Kim II Sung University.$pPhilosophy and Economics
=260  \\$6880-03$a[P'yŏngyang] :$bKim Il-sŏng Chonghap Taehak Ch'ulp'ansa,$c[1954?]-[2018]
=300  \\$av. ;$c26 cm
=310  \\$aMonthly
=336  \\$atext$2rdacontent
=337  \\$aunmediated$2rdamedia
=338  \\$avolume$2rdacarrier
=580  \\$aSplit into: Kim Il-sŏng Chonghap Taehak hakpo. Chŏrhak, and: Kim Il-sŏng Chonghap Taehak hakpo. Kyŏngjehak.
=588  \\$aDescription based on: Che 48-kwŏn 1-ho (2002) = Nugye 337-ho; title from cover.
=588  \\$aLatest issue consulted: 63, 1 (2017).
=610  20$6880-04$aKim Il-sŏng Chonghap Taehak.$vPeriodicals.
=610  27$aKim Il-sŏng Chonghap Taehak$2fast$0(OCoLC)fst00564924
=650  \0$aPhilosophy$vPeriodicals.
=650  \0$aPhilosophy$zKorea (North)$vPeriodicals.
=650  \0$aEconomics$vPeriodicals.
=650  \0$aEconomics$zKorea (North)$vPeriodicals.
=650  \7$aEconomics.$2fast$0(OCoLC)fst00902116
=650  \7$aPhilosophy.$2fast$0(OCoLC)fst01060777
=651  \7$aKorea (North)$2fast$0(OCoLC)fst01214151
=655  \7$aPeriodicals.$2fast$0(OCoLC)fst01411641
=710  2\$6880-05.$aKim Il-sŏng Chonghap Taehak.$bCh'ulp'ansa.
=785  16$tKim Il-sŏng Chonghap Taehak hakpo. Chŏrhak
=785  16$tKim Il-sŏng Chonghap Taehak hakpo. Kyŏngjehak
=852  41$aBritish Library$bOC$jZP.9.a.502$3n. 1 (2017)-n. 4(2018)
=880  00$6245-01$a김 일성 종합 대학 학보.$p철학 경제학.
=880  13$6246-02$a철학 경제학
=880  \\$6260-03$a[P'yŏngyang] :$b김 일성 종합 대학 출판사
=880  24$6610-04$a김 일성 종합 대학$vPeriodicals.
=880  2\$6710-05$a김 일성 종합 대학.$b출판사.
=985  \\$aPresumed start date from ISSN record. ISSN & OCLC records use different transliteration styles
=CAT  \\$a8496$b40$c20170302$lBLL01$h1356
=CAT  \\$a8496$b40$c20170608$lBLL01$h1117
=CAT  \\$a8124$b40$c20170622$lBLL01$h0841
=CAT  \\$a8124$b40$c20170622$lBLL01$h0900
=CAT  \\$a8124$b40$c20170622$lBLL01$h0933
=CAT  \\$a8124$b40$c20170622$lBLL01$h0934
=CAT  \\$a8124$b40$c20170622$lBLL01$h1000
=CAT  \\$aBATCH-ROF$b00$c20170624$lBLL01$h1748
=CAT  \\$a10806$b40$c20200131$lBLL01$h1155
=CAT  \\$a10806$b40$c20200131$lBLL01$h1304
=FIN  \\$aY$d20170622
=FMT  \\$a  SE
=LAS  \\$a10806$b40$c20200131$lBLL01$h1304
=SID  \\$aZ39$bOCLC

