=LDR  02417 as a2200637 a 4500
=001  018244250
=003  Uk
=005  20191223142449.0
=007  ta
=008  051109d200u201ukn\qr\p\\\\\\\0\\\k0kor\\
=010  \\$a  2005209665
=022  \\$a2075-0102
=035  \\$a(OCoLC)62246578
=040  \\$aDLC$beng$cDLC$dDLC$dOCLCQ$dDLC$dOCLCF$dOCLCO$dOCL$dOCLCO$dUk
=042  \\$aukblsr
=043  \\$aa-kn---
=050  00$aJQ1729.5.A1$bC46
=082  04$a320.05$223
=222  \0$aJeonci beobryul yeonʼgu
=245  00$6880-01$aChŏngch'i pŏmnyul yŏn'gu.
=246  3\$aJongchi popnyul (Study of politics and law)
=260  \\$6880-02$aP'yŏngyang-si :$bKwahak Paekkwa Sajŏn Ch'ulp'ansa,$c[2003?]-
=300  \\$av. ;$c26 cm.
=310  \\$aQuarterly
=336  \\$atext$2rdacontent
=337  \\$aunmediated$2rdamedia
=338  \\$avolume$2rdacarrier
=500  \\$aStudy of politics and law.
=588  \\$aDescription based on: Chuch'e 94-yŏn [2005] che 1-ho = Nugye che 9-ho; title from cover.
=588  \\$aLatest issue consulted: 1 (2017).
=650  \0$aLaw$xPolitical aspects$zKorea (North)$vPeriodicals.
=650  \7$aLaw$xPolitical aspects.$2fast$0(OCoLC)fst00993795
=650  \7$aPolitics and government.$2fast$0(OCoLC)fst01919741
=651  \0$aKorea (North)$xPolitics and government$y1948-$vPeriodicals.
=651  \7$aKorea (North)$2fast$0(OCoLC)fst01214151
=655  \7$aPeriodicals.$2fast$0(OCoLC)fst01411641
=710  2\$6880-03$aKwahak Paekkwa Sajŏn Ch'ulp'ansa.
=785  00$tPŏmnyul yŏn'gu
=852  41$aBritish Library$bOC$jZP.9.a.501$3n. 1(2017)-n. 4(2018)
=880  00$6245-01$a정치 법률 연구.
=880  \\$6260-02$a평양시 :$b과학 백과 사전 출판사
=880  2\$6710-03$a과학 백과 사전 출판사.
=985  \\$aISSN & OCLC use different transliteration tables. Probable start date from ISSN
=CAT  \\$a8496$b40$c20170303$lBLL01$h1354
=CAT  \\$a8496$b40$c20170608$lBLL01$h1132
=CAT  \\$a8496$b40$c20170609$lBLL01$h1400
=CAT  \\$a8124$b40$c20170622$lBLL01$h1006
=CAT  \\$a8124$b40$c20170622$lBLL01$h1538
=CAT  \\$aBATCH-ROF$b00$c20170624$lBLL01$h1748
=CAT  \\$a5997$b40$c20190522$lBLL01$h0737
=CAT  \\$a5997$b40$c20190522$lBLL01$h0739
=CAT  \\$a8323$b40$c20191223$lBLL01$h1424
=FIN  \\$aY$d20170622
=FMT  \\$a  SE
=LAS  \\$a8323$b40$c20191223$lBLL01$h1424
=SID  \\$aZ39$bOCLC

