=LDR  03673 as a2200697 i 4500
=001  018265597
=003  Uk
=005  20180706143813.0
=006  m\\\\\|\\d\|\\\\\\
=007  co\|||||||||||
=008  170315c20179999rm\mr\\\q\\\\\0\\\a0eng\\
=022  0\$y2537-5733
=040  \\$aUk$beng$cUk$erda
=042  \\$aukblsr
=082  04$a660.5$223
=130  0\$aRevista de chimie.$lEnglish.
=245  10$aRevista de chimie.
=264  \1$aBucureşti :$bBiblioteca Chimiei,$c2017-
=300  \\$aCD-ROMs ;$c4 3/4 in.
=310  \\$aMonthly
=336  \\$atext$2rdacontent
=337  \\$acomputer$2rdamedia
=338  \\$acomputer disc$2rdacarrier
=362  0\$a1 (2017)- = vol. 68, no. 1 (2017)-
=500  \\$aTitle from disc label.
=500  \\$aOn front of disc: SYSCOM 18.
=530  \\$aAlso issued online in English and Rumanian editions.
=540  \\$aBritish Library not licensed to copy$c0$5Uk
=550  \\$aAt top of contents page: Societatea de Chimie din România, SYSCOM 18 București, and SC Biblioteca Chimiei SA.
=650  \0$aChemistry$vPeriodicals.
=650  \0$aChemical engineering$vPeriodicals.
=650  \7$aChemistry.$2fast$0(OCoLC)fst00853344
=650  \7$aChemical engineering.$2fast$0(OCoLC)fst00852893
=655  \7$aPeriodicals.$2fast$0(OCoLC)fst01411641
=710  2\$aSocietatea de Chimie din România,$eissuing body.
=710  2\$aBiblioteca Chimiei SA,$eissuing body.
=776  08$iPrint version, -2016:$tRevista de chimie. English$x1582-9049
=852  41$aBritish Library$bDSC$cV$j7849.500001$3Vol. 68, no. 1 (2017)-v. 69 (2018)
=856  \\$uhttp://www.revistadechimie.ro/
=945  \\$aRevista de chimie (English version) CDROM
=959  \\$fCurrently received
=985  \\$aThe CD-ROM editorial/contents page info (cuprins) - last page includes links to both online versions but only the files for the Romanian version open. This English CD-ROM version has been sent in response to a claim for the Rumanian version - 009222677; ISSN info says that the English print version ceased in 2016 and was issued on CD-ROM from 2017. Not sure whether Romanian version 009222677 has also ceased in print. Gareth has sent a query to Ebsco 21/3/17e; but reply didn't answer the question: "As regards the print version that ceased at the end of 2016 year, the title was in Romanian ,the content page was in Romanian and English, but the articles were in English language" - she doesn't answer the question as to whether both the Romanian and English print titles have ceased - Romanisn bib rec left open for now.
=985  \\$aBiblioteca Chiminiei: The library is funded by the Romanian company Syscom 18, one of the leading providers on the Romanian market - so no added entry provided; Work ISSN so 222 not added.
=CAT  \\$a3072$b40$c20170315$lBLL01$h1347
=CAT  \\$a3072$b40$c20170315$lBLL01$h1415
=CAT  \\$a3072$b40$c20170315$lBLL01$h1620
=CAT  \\$a7332$b40$c20170316$lBLL01$h0826
=CAT  \\$a3072$b40$c20170322$lBLL01$h0935
=CAT  \\$a3072$b40$c20170327$lBLL01$h1531
=CAT  \\$a9713$b40$c20170404$lBLL01$h1732
=CAT  \\$a9713$b40$c20170404$lBLL01$h1746
=CAT  \\$a5552$b40$c20170510$lBLL01$h1545
=CAT  \\$a5410$b40$c20180706$lBLL01$h1438
=CFI  0\$aBritish Library not licensed to copy$c0$e10-may-2017$hC$iTX$5Uk
=CFI  2\$aPrevious copyright fee: GBP15.00$c0$e04-apr-2016$fGBP15.00$g0$hA$5Uk
=FIN  \\$aY$d20170315
=FMT  \\$a  SE
=LAS  \\$a5410$b40$c20180706$lBLL01$h1438
=LET  \0$aRevista de chimie (CD-ROM)
=LKR  \\$aPAR$b009222676$lBLL01$r776$mRevista de chimie. English (CD-ROM)$nRevista de chimie. English (Print)
=TOC  \\$aETOC

