=LDR  02359cas a2200601 i 4500
=001  018292737
=003  Uk
=005  20230215003237.0
=006  m\\\\\|\\d\|\\\\\\
=007  cr\|||||||||||
=008  170406c20179999paumr\p\o\\\\\0\\\a0eng\\
=022  0\$a2474-7661
=037  \\$aISSN_24747661$bPortico$nLippincott Williams & Wilkins
=040  \\$aUk$beng$cUk$erda
=042  \\$aukblsr
=082  04$a617.4705$223
=245  00$aJournal of the AAOS.$pGlobal research & reviews.
=246  3\$aJournal of the American Academy of Orthopaedic Surgeons.$pGlobal research and reviews
=246  30$aGlobal research & reviews
=246  30$aJAAOS global research & reviews
=264  \1$a[Philadelphia] :$bPublished by Wolters Kluwer Health, Inc. on behalf of The Authors,$c2017-
=310  \\$aMonthly
=336  \\$atext$2rdacontent
=337  \\$acomputer$2rdamedia
=338  \\$aonline resource$2rdacarrier
=362  0\$aVolume 1, issue 1 (March 2017)-
=500  \\$aTitle from table of contents page (publisher's Web site, viewed October 10, 2017).
=540  \\$aCurrent copyright fee: zero$c20\0$5Uk
=650  \0$aOrthopedic surgery$vPeriodicals.
=710  2\$aAmerican Academy of Orthopaedic Surgeons.
=852  41$aBritish Library$bHMNTS$jELD Digital store$3Volume 1:Number 1(2017)-
=856  \\$31850-9999$uhttp://journals.lww.com/pages/default.aspx$xBLDSS
=856  40$uhttp://journals.lww.com/jaaosglobal/Pages/default.aspx
=859  \\$aELD$bejournal
=979  \\$aBritish Library$bDSC$j4683.732100N
=985  \\$aUS work record on ISSN Portal; key title not added.
=CAT  \\$a10983$b40$c20170406$lBLL01$h1431
=CAT  \\$a11205$b40$c20171010$lBLL01$h1408
=CAT  \\$aW1711-1005$c20171206$lBLL01$h1830
=CAT  \\$a12654$b40$c20230208$lBLL01$h1359
=CAT  \\$a12654$b40$c20230208$lBLL01$h1406
=CAT  \\$a12654$b40$c20230208$lBLL01$h1408
=CAT  \\$aBLDSS-3PM$b00$c20230213$lBLL01$h1337
=CAT  \\$aBATCH-UPD$b00$c20230213$lBLL01$h1338
=CAT  \\$aBATCH-UNOA$c20230215$lBLL01$h0032
=CFI  0\$aCurrent copyright fee: zero$c20\0$e08-feb-2023$fGBP0.00$g0$hP$5Uk
=FFP  \\$aY$bBLDSS-3PM
=FIN  \\$aY$d20171010
=FMT  \\$a  SE
=LAS  \\$aBATCH-UNOA$b00$c20230215$lBLL01$h0032
=LET  \0$aJournal of the AAOS. Global research & reviews (Electronic)
=MNI  \\$a2474-7661
=UNO  \\$aY

