=LDR  03095 as a2200745 i 4500
=001  018300600
=003  Uk
=005  20170426165725.0
=007  ta
=008  750907d19691972caucr\ne\\\\\\0\\\a0eng\c
=010  \\$asn 87060235 
=022  0\$y0017-2197
=035  \\$a(OCoLC)1608301$z(OCoLC)1751319
=040  \\$aMUL$beng$cMUL$dKNP$dOCL$dNST$dNPH$dKNP$dMHN$dCVF$dOCL$dNYS$dOCLCQ$dJQF$dOCLCQ$dOCLCO$dOCLCF$dOCLCO$dCUS$dDLC$dUk
=042  \\$aukblsr
=043  \\$an-us-ca
=050  14$aAP2
=082  04$a306.1097946105$223
=130  0\$aGood times (San Francisco, Calif.)
=245  10$aGood times.
=246  13$aSan Francisco good times
=246  1\$iAt head of title:$aConfessions of an acid atheist,$f<volume 3, no. 24 (June 12, 1970)>
=260  \\$aSan Francisco, Calif. :$bTrystero Co.,$c1969-1972.
=264  31$aSan Fran :$bGood Times Commune
=300  \\$av. :$bill. ;$c41 cm.
=310  \\$aSemiweekly,$bJuly 14, 1972-Aug. 2, 1972
=321  \\$aBiweekly,$bMay 28, 1971-June 16/29, 1972
=321  \\$aWeekly,$b[Apr. 2], 1969-May 14, 1971
=362  0\$aVol. 2, no. 13 ([Apr. 2], 1969)-[v. 5, no. 19] (Aug. 2, 1972).
=500  \\$a"Bulletin of the Church of the Times."
=500  \\$aPublished in San Francisco.
=515  \\$aSuspended with Aug. 2, 1972 issue.
=588  \\$aLatest issue consulted: volume III [3], number 24 (June 12, 1970).
=650  \0$aCounterculture$zCalifornia$zSan Francisco$vNewspapers.
=650  \0$aHippies$zCalifornia$zSan Francisco$xSocial life and customs$vNewspapers.
=650  \0$aUnderground press publications$zCalifornia$zSan Francisco$vSources.
=650  \7$aCounter culture$zCalifornia$zSan Francisco.$2poliscit
=650  \7$aUnderground press publications.$2fast$0(OCoLC)fst01160984
=651  \0$aSan Francisco (Calif.)$vNewspapers.
=651  \7$aCalifornia$zSan Francisco.$2fast$0(OCoLC)fst01204481
=655  \7$aNewspapers.$2fast$0(OCoLC)fst01423814
=655  \7$aSources.$2fast$0(OCoLC)fst01423900
=690  7\$aManagement and Business Studies$2blcoll
=690  7\$aSocial Welfare$2blcoll
=710  2\$aGood Times Commune.
=752  \\$aUnited States$bCalifornia$cSan Francisco$dSan Francisco.
=776  08$iOnline version:$tGood times (San Francisco, Calif. Online)$x2470-4571
=780  00$tSan Francisco express times
=852  41$aBritish Library$bHMNTS$jZD.9.b.2702$3v.3, n. 24 (1970)
=985  \\$aISSN 0017-2197 legacy record only on ISSN Portal.
=CAT  \\$a8496$b40$c20170412$lBLL01$h1408
=CAT  \\$a11205$b40$c20170425$lBLL01$h0936
=CAT  \\$a11205$b40$c20170425$lBLL01$h0948
=CAT  \\$a11205$b40$c20170425$lBLL01$h1031
=CAT  \\$a11205$b40$c20170425$lBLL01$h1032
=CAT  \\$a8871$b40$c20170426$lBLL01$h1510
=CAT  \\$a11205$b40$c20170426$lBLL01$h1634
=CAT  \\$a11205$b40$c20170426$lBLL01$h1641
=CAT  \\$a11205$b40$c20170426$lBLL01$h1657
=CAT  \\$aBATCH-MBS$c20170428$lBLL01$h2120
=CAT  \\$aBATCH-SWP$c20170428$lBLL01$h2218
=FIN  \\$aY$d20170425
=FMT  \\$a  SE
=LAS  \\$aBATCH-SWP$b00$c20170428$lBLL01$h2218
=SID  \\$aZ39$bOCLC

