=LDR  02860cas a2200637 i 4500
=001  018306652
=003  Uk
=005  20221231145426.0
=007  ta
=008  170418c20169999ja\ar\p\\\\\\\0\\\a0eng\\
=022  \\$a2432-8375
=040  \\$aUk$beng$cUk$erda
=042  \\$aukblsr
=082  04$a621.48$223
=245  00$aBulletin of the Laboratory for Advanced Nuclear Energy /$cLANE, Laboratory for Advanced Nuclear Energy, Institute of Innovative Research, Tokyo Institute of Technology.
=264  \1$aTokyo, Japan :$bLaboratory for Advanced Nuclear Energy, Institute of Innovative Research, Tokyo Institute of Technology,$c[2016]-
=300  \\$billustrations (black and white) ;$c30 cm
=310  \\$aAnnual
=336  \\$atext$2rdacontent
=337  \\$aunmediated$2rdamedia
=338  \\$avolume$2rdacarrier
=362  0\$aVol. 1 (2016)-
=540  \\$aCurrent Copyright Fee: GBP25.00$c0$5Uk
=650  \0$aNuclear energy$vPeriodicals.
=650  \0$aNuclear engineering$vPeriodicals.
=710  2\$aTōkyō Kōgyō Daigaku.$bSendō Genshiryoku Kenkyūjo.
=780  00$tBulletin of the Research Laboratory for Nuclear Reactors$x0387-6144
=852  41$aBritish Library$bDSC$j2603.100000$3Vol. 1 (2016)-v. 4 (2019)
=945  \\$aBulletin- laboratory for advanced nuclear energy
=959  \\$fHeld but not currently received
=985  \\$aISSN quoted has "free" record on ISSN portal. Please update when validated.
=ACF  \\$aPrevious copyright fee: GBP15.00$c0$e28-apr-2017$fGBP15.00$g0$hA$5Uk
=ACF  \\$aPrevious Copyright Fee: GBP17.50$c0$e01-jan-2018$fGBP17.50$g0$hA$5Uk
=ACF  \\$aPrevious Copyright Fee: GBP20.00$c0$e01-jan-2020$fGBP20.00$g0$hA$5Uk
=CAT  \\$a11205$b40$c20170418$lBLL01$h1409
=CAT  \\$a8871$b40$c20170427$lBLL01$h1032
=CAT  \\$a11385$b40$c20170428$lBLL01$h0935
=CAT  \\$aBATCH-UPD$b40$c20170430$lBLL01$h2206
=CAT  \\$a5410$b40$c20170505$lBLL01$h1128
=CAT  \\$aBATCH-CLA$b00$c20171222$lBLL01$h2221
=CAT  \\$aIPL-CLA$c20171231$lBLL01$h1834
=CAT  \\$aBATCH-CLA$b00$c20191219$lBLL01$h1804
=CAT  \\$aIPL-CLA$c20191231$lBLL01$h2044
=CAT  \\$aR2001-1524$c20200127$lBLL01$h2108
=CAT  \\$aBATCH-CLA$b00$c20201204$lBLL01$h1616
=CAT  \\$aIPL-CLA$c20201231$lBLL01$h1534
=CAT  \\$a11385$b40$c20210406$lBLL01$h1350
=CAT  \\$aBATCH-CLA$b00$c20221221$lBLL01$h1934
=CAT  \\$aIPL-CLA$c20221231$lBLL01$h1454
=CFI  0\$aCurrent Copyright Fee: GBP25.00$c0$e01-jan-2023$fGBP25.00$g0$hA$5Uk
=CFI  2\$aPrevious Copyright Fee: GBP22.50$c0$e01-jan-2021$fGBP22.50$g0$hA$5Uk
=FIN  \\$aY$d20170418
=FMT  \\$a  SE
=LAS  \\$aIPL-CLA$b00$c20221231$lBLL01$h1454
=LKR  \\$aPAR$b011734071$lBLL01$nBulletin of the Research Laboratory for Nuclear Reactors$mBulletin of the Laboratory for Advanced Nuclear Energy$r78000
=TOC  \\$aETOC

