=LDR  02203 as a2200505 i 4500
=001  018311417
=003  Uk
=005  20170725142417.0
=007  ta
=008  170424c20179999bw\tr\p\\\\\\\0\\\c0bel\\
=022  \\$y2520-6508
=040  \\$aUk$beng$cUk$erda
=041  \\$abel$aeng$fbel$feng
=042  \\$aukblsr
=082  04$a510.5$223
=245  00$aZhurnal Belorusskogo Gosudarstvennogo Universiteta.$pMatematika, informatika =$bJournal of the Belarusian State University. Mathematics and informatics.
=246  30$aMatematika, informatika
=246  30$aMathematics and informatics
=246  31$aJournal of the Belarusian State University.$pMathematics and informatics
=264  \1$aBelarus :$bBelorusskogo Gosudarstvennogo Universiteta,$c2017-
=300  \\$billustrations (black and white) ;$c30 cm
=310  \\$aThree times a year
=336  \\$atext$2rdacontent
=337  \\$aunmediated$2rdamedia
=338  \\$avolume$2rdacarrier
=362  0\$a1 (2017)-
=546  \\$aArticles in Belarusian or English. Belarusian and English contents pages.
=650  \0$aMathematics$vPeriodicals.
=650  \0$aComputer science$vPeriodicals.
=710  2\$aBelaruski dzi︠a︡rz︠h︡aŭny universitėt,$eissuing body.
=780  01$tVestnik Belorusskogo gosudarstvennogo universiteta. Serii︠a︡ 1, Fizika, matematika, informatika$x1561-834X
=852  \\$aBritish Library$bSTI$k(P)$h530$m-R(2)$3No. 1 (2017)-[2019]
=945  \\$aJournal Belarusian State University Mathematics Computer Science
=979  \\$aBritish Libary$bDSC$c4951.495000N
=985  \\$aISSN is still work record on ISSN Portal 25/7/17
=CAT  \\$a3512$b40$c20170424$lBLL01$h0934
=CAT  \\$a3512$b40$c20170424$lBLL01$h1121
=CAT  \\$a3512$b40$c20170424$lBLL01$h1142
=CAT  \\$a8124$b40$c20170725$lBLL01$h1414
=CAT  \\$a8124$b40$c20170725$lBLL01$h1422
=CAT  \\$a8124$b40$c20170725$lBLL01$h1424
=FIN  \\$aY
=FMT  \\$a  SE
=LAS  \\$a8124$b40$c20170725$lBLL01$h1424
=LKR  \\$aPAR$b018437419$lBLL01$nVestnik Belorusskogo gosudarstvennogo universiteta. Serii︠a︡ 1, Fizika, matematika, informatika$mZhurnal Belorusskogo Gosudarstvennogo Universiteta. Matematika, informatika$r78001

