=LDR  02191 as a2200529 i 4500
=001  018311484
=003  Uk
=005  20170725142434.0
=007  ta
=008  170424c20179999bw\tr\p\\\\\\\0\\\c0bel\\
=022  \\$y2520-2243
=040  \\$aUk$beng$cUk$erda
=041  \\$abel$aeng$fbel$feng
=042  \\$aukblsr
=082  04$a530.05$223
=245  00$aZhurnal Belorusskogo Gosudarstvennogo Universiteta.$pFizika =$bJournal of the Belarusian State University. Physics.
=246  30$aFizika
=246  30$aPhysics
=246  31$aJournal of the Belarusian State University.$pPhysics
=264  \1$aBelarus :$bBelorusskogo Gosudarstvennogo Universiteta,$c2017-
=300  \\$billustrations (black and white, and colour) ;$c30 cm
=310  \\$aThree times a year
=336  \\$atext$2rdacontent
=337  \\$aunmediated$2rdamedia
=338  \\$avolume$2rdacarrier
=362  0\$a1 (2017)-
=546  \\$aArticles in Belarusian or English. Belarusian and English contents pages.
=650  \0$aPhysics$vPeriodicals.
=710  2\$aBelaruski dzi︠a︡rz︠h︡aŭny universitėt,$eissuing body.
=780  01$tVestnik Belorusskogo gosudarstvennogo universiteta. Serii︠a︡ 1, Fizika, matematika, informatika$x1561-834X
=852  41$aBritish Library$bSTI$k(P)$h530$m-R(3)$3No. 1(2017)-no. 3 (2019)
=945  \\$aJournal Belarusian State University Physics
=979  \\$aBritish Library$bDSC$c4951.495100N
=985  \\$aISSN still work record on ISSN portal, 25/7/17
=CAT  \\$a3512$b40$c20170424$lBLL01$h1125
=CAT  \\$a3512$b40$c20170424$lBLL01$h1141
=CAT  \\$a3512$b40$c20170424$lBLL01$h1142
=CAT  \\$a3512$b40$c20170424$lBLL01$h1143
=CAT  \\$a8124$b40$c20170725$lBLL01$h1304
=CAT  \\$a8124$b40$c20170725$lBLL01$h1342
=CAT  \\$a8124$b40$c20170725$lBLL01$h1344
=CAT  \\$a8124$b40$c20170725$lBLL01$h1413
=CAT  \\$a8124$b40$c20170725$lBLL01$h1424
=FIN  \\$aY$d20170725
=FMT  \\$a  SE
=LAS  \\$a8124$b40$c20170725$lBLL01$h1424
=LKR  \\$aPAR$b018437419$lBLL01$mZhurnal Belorusskogo Gosudarstvennogo Universiteta. Fizika$nVestnik Belorusskogo gosudarstvennogo universiteta. Serii︠a︡ 1, Fizika, matematika, informatika$r78001

