=LDR  02645cas a2200685 i 4500
=001  018334851
=003  Uk
=005  20221231145427.0
=007  ta
=008  170330c20179999qeaqr\p\\\\\\\0\\\a0eng\\
=022  0\$a2207-6018
=035  \\$a(OCoLC)980301196
=040  \\$aAU@$beng$cAU@$dUk$erda
=042  \\$aukblsr
=082  04$a610.730994$223
=245  00$aInScope :$bthe official journal of the Queensland Nurses and Midwives' Union.
=264  \1$aBrisbane, Qld. :$bQueensland Nurses and Midwives' Union,$c2017-
=300  \\$billustrations (black and white, and colour) ;$c30 cm
=310  \\$aQuarterly
=336  \\$atext$2rdacontent
=337  \\$aunmediated$2rdamedia
=338  \\$avolume$2rdacarrier
=362  0\$a01, (Autumn 2017)-
=540  \\$aCurrent Copyright Fee: GBP25.00$c0$5Uk
=610  20$aQueensland Nurses and Midwives' Union$vPeriodicals.
=650  \0$aNursing$zAustralia$vPeriodicals.
=650  \0$aMidwifery$zAustralia$vPeriodicals.
=653  \\$aAustralian
=710  2\$aQueensland Nurses and Midwives' Union,$eissuing body.
=780  00$tQueensland nurse$x0815-936X
=852  \\$aBritish Library$bDSC$j4516.776230$3No. 1 (2017)-
=945  \\$aInScope
=959  \\$fCurrently received
=985  \\$aWork record only on ISSN Portal 4/5/17
=ACF  \\$aPrevious Copyright Fee: GBP15.00$c0$e24-may-2017$fGBP15.00$g0$hA$5Uk
=ACF  \\$aPrevious Copyright Fee: GBP17.50$c0$e01-jan-2018$fGBP17.50$g0$hA$5Uk
=ACF  \\$aPrevious Copyright Fee: GBP20.00$c0$e01-jan-2020$fGBP20.00$g0$hA$5Uk
=CAT  \\$a8124$b40$c20170504$lBLL01$h1011
=CAT  \\$a8124$b40$c20170504$lBLL01$h1012
=CAT  \\$a8871$b40$c20170505$lBLL01$h1444
=CAT  \\$a8439$b40$c20170524$lBLL01$h1547
=CAT  \\$a5410$b40$c20170526$lBLL01$h1419
=CAT  \\$a5410$b40$c20170608$lBLL01$h1500
=CAT  \\$aBATCH-CLA$b00$c20171222$lBLL01$h2221
=CAT  \\$aIPL-CLA$c20171231$lBLL01$h1834
=CAT  \\$aBATCH-CLA$b00$c20191219$lBLL01$h1804
=CAT  \\$aIPL-CLA$c20191231$lBLL01$h2044
=CAT  \\$aR2001-1524$c20200127$lBLL01$h2108
=CAT  \\$aBATCH-CLA$b00$c20201204$lBLL01$h1616
=CAT  \\$aIPL-CLA$c20201231$lBLL01$h1534
=CAT  \\$aBATCH-CLA$b00$c20221221$lBLL01$h1934
=CAT  \\$aIPL-CLA$c20221231$lBLL01$h1454
=CFI  0\$aCurrent Copyright Fee: GBP25.00$c0$e01-jan-2023$fGBP25.00$g0$hA$5Uk
=CFI  2\$aPrevious Copyright Fee: GBP22.50$c0$e01-jan-2021$fGBP22.50$g0$hA$5Uk
=FIN  \\$aY$d20170504
=FMT  \\$a  SE
=LAS  \\$aIPL-CLA$b00$c20221231$lBLL01$h1454
=LKR  \\$aPAR$b015839036$lBLL01$nQueensland nurse$mInscope$r78000
=SID  \\$aZ39$bOCLC
=TOC  \\$aETOC

