=LDR  02189 as a2200565 i 4500
=001  018339938
=003  Uk
=005  20190805175134.0
=007  ta
=008  170510c20179999cc\mr\p\\\\\\\0\\\e0chi\\
=022  \\$a2096-2916
=040  \\$aUk$beng$cUk$erda
=041  0\$achi$beng
=042  \\$aukblsr
=082  04$a612.605$223
=245  00$aZhonghua shengzhi yu biyun zazhi =$bChinese journal of reproduction and contraception.
=246  31$aChinese journal of reproduction and contraception
=264  \1$aShanghai :$bChinese Medical Journal Publishing House Co., Ltd,$c2017-
=300  \\$billustrations (black and white, and colour) ;$c29 cm
=310  \\$aMonthly
=336  \\$atext$2rdacontent
=337  \\$aunmediated$2rdamedia
=338  \\$avolume$2rdacarrier
=362  0\$aVolume 37, number 1 (January 2017)-
=540  \\$aBritish Library not licensed to copy$c0$5Uk
=546  \\$aIn Chinese with summaries and contents also in English.
=650  \0$aReproduction$vPeriodicals.
=650  \0$aContraception$vPeriodicals.
=650  \0$aHuman reproduction$vPeriodicals.
=710  1\$aChina.$bGuo jia wei sheng he ji hua sheng yu wei yuan hui,$eissuing body.
=710  2\$aZhonghua yi xue hui (China : Republic : 1949- ),$eissuing body.
=780  00$tShengzhi yu biyun$x0253-357X
=852  41$aBritish Library$bDSC$j3180.674300$3Vol. 37, no. 1 (2017)-[2019]
=945  \\$aChinese journal of reproduction and contraception
=959  \\$fHeld but not currently received
=985  \\$aISSN still free on Portal 10/5/17
=CAT  \\$a8124$b40$c20170510$lBLL01$h0815
=CAT  \\$a8124$b40$c20170510$lBLL01$h0817
=CAT  \\$a11385$b40$c20170510$lBLL01$h1239
=CAT  \\$a11385$b40$c20170510$lBLL01$h1403
=CAT  \\$a11385$b40$c20170510$lBLL01$h1409
=CAT  \\$a11385$b40$c20170510$lBLL01$h1410
=CAT  \\$a11385$b40$c20170510$lBLL01$h1412
=CAT  \\$a11385$b40$c20170510$lBLL01$h1414
=CAT  \\$aW1907-1426$c20190805$lBLL01$h1751
=FIN  \\$aY$d20170510
=FMT  \\$a  SE
=LAS  \\$aW1907-1426$b00$c20190805$lBLL01$h1751
=LKR  \\$aPAR$b009216486$lBLL01$nShengzhi yu biyun$mZhonghua shengzhi yu biyun zazhi$r78000
=TOC  \\$aETOC

