=LDR  02707cas a2200685 i 4500
=001  018364739
=003  Uk
=005  20221231145428.0
=007  ta
=008  170606c20179999ja\mr\p\\\\\\\0\\\d0jpn\\
=022  \\$a2432-3586
=040  \\$aUk$beng$cUk$erda
=041  0\$ajpn$beng
=042  \\$aukblsr
=082  04$a621.04205$223
=222  \0$aEnerumikusu
=245  00$aEnerumikusu =$bEnermix : Nihon enerugii gakkai kikanshi.
=246  13$aEnermix
=246  31$aNihon enerugii gakkai kikanshi enermix
=264  \1$aTokyo :$bNihon enerugi gakkai,$c2017-
=300  \\$billustrations (black and white) ;$c30 cm
=310  \\$aMonthly
=336  \\$atext$2rdacontent
=337  \\$aunmediated$2rdamedia
=338  \\$avolume$2rdacarrier
=362  0\$aVolume 96, number 1 (January 2017)-
=540  \\$aCurrent Copyright Fee: GBP25.00$c0$5Uk
=650  \0$aPower resources$vPeriodicals.
=710  2\$aNihon Enerugī Gakkai,$eissuing body.
=780  00$tNihon Enerugī Gakkai-shi$x0916-8753
=852  41$aBritish Library$bDSC$j3747.863200$3Vol. 96, no. 1 (2017)-v. 98, no. 6 (2019)
=945  \\$aEnerumikusu
=959  \\$fHeld but not currently received
=985  \\$aDescription partially based on ISSN record & OCLC record(s) due to language/transliteration difficulties (MP, 6/6/17).
=ACF  \\$aPrevious copyright fee: GBP15.00$c0$e07-jun-2017$fGBP15.00$g0$hA$5Uk
=ACF  \\$aPrevious Copyright Fee: GBP17.50$c0$e01-jan-2018$fGBP17.50$g0$hA$5Uk
=ACF  \\$aPrevious Copyright Fee: GBP20.00$c0$e01-jan-2020$fGBP20.00$g0$hA$5Uk
=CAT  \\$a5997$b40$c20170606$lBLL01$h0834
=CAT  \\$a5997$b40$c20170606$lBLL01$h0838
=CAT  \\$a11385$b40$c20170607$lBLL01$h0954
=CAT  \\$a11385$b40$c20170607$lBLL01$h0955
=CAT  \\$a11385$b40$c20170607$lBLL01$h0956
=CAT  \\$a11385$b40$c20170607$lBLL01$h0958
=CAT  \\$aBATCH-CLA$b00$c20171222$lBLL01$h2221
=CAT  \\$aIPL-CLA$c20171231$lBLL01$h1834
=CAT  \\$aW1907-1426$c20190805$lBLL01$h1751
=CAT  \\$aBATCH-CLA$b00$c20191219$lBLL01$h1804
=CAT  \\$aIPL-CLA$c20191231$lBLL01$h2044
=CAT  \\$aR2001-1524$c20200127$lBLL01$h2108
=CAT  \\$aBATCH-CLA$b00$c20201204$lBLL01$h1616
=CAT  \\$aIPL-CLA$c20201231$lBLL01$h1534
=CAT  \\$aBATCH-CLA$b00$c20221221$lBLL01$h1934
=CAT  \\$aIPL-CLA$c20221231$lBLL01$h1454
=CFI  0\$aCurrent Copyright Fee: GBP25.00$c0$e01-jan-2023$fGBP25.00$g0$hA$5Uk
=CFI  2\$aPrevious Copyright Fee: GBP22.50$c0$e01-jan-2021$fGBP22.50$g0$hA$5Uk
=FIN  \\$aY$d20170606
=FMT  \\$a  SE
=LAS  \\$aIPL-CLA$b00$c20221231$lBLL01$h1454
=LKR  \\$aPAR$b010485814$lBLL01$nNihon Enerugī Gakkai-shi.$mEnerumikusu$r78000
=TOC  \\$aETOC

