=LDR  02114cas a2200553 i 4500
=001  018398487
=003  Uk
=005  20191129105541.0
=006  m\\\\\\\\d\|||||||
=007  cr\|||||||||||
=008  170629c20179999bl\uu\p\\\\\\\0\\\a0eng\\
=022  \\$a2452-0721
=037  \\$aISSN_24520721$bPortico$nElsevier
=040  \\$aUk$beng$cUk$erda
=042  \\$aukblsr
=082  04$a660.605$223
=245  00$aBiotechnology research & innovation.
=264  \1$a[Rio de Janeiro, Brazil?] :$bElsevier Editora Ltda.,$c2017-
=300  \\$billustrations (colour)
=336  \\$atext$2rdacontent
=337  \\$acomputer$2rdamedia
=338  \\$aonline resource$2rdacarrier
=362  0\$aVolume 1, issue 1 (January/December 2017)-
=500  \\$aTitle from journal homepage (ScienceDirect, viewed May 17, 2018).
=650  \0$aBiotechnology$vPeriodicals.
=650  \0$aBiotechnology$xResearch$vPeriodicals.
=710  2\$aSociedade Brasileira de Biotecnologia,$eissuing body.
=852  41$aBritish Library$bHMNTS$jELD Digital store$3Volume 1:Issue 1(2017)-Volume 3:Issue 2(2019)
=856  40$31850-9999$uhttp://www.sciencedirect.com/$xBLDSS
=856  40$uhttps://www.sciencedirect.com/journal/biotechnology-research-and-innovation
=859  \\$aELD$bejournal
=985  \\$aISSN has work status @17/05/18. Please add 222 when ISSN is completed (Netherlands resp.)
=CAT  \\$a5552$b40$c20170629$lBLL01$h1339
=CAT  \\$a10983$b40$c20170629$lBLL01$h1544
=CAT  \\$a10983$b40$c20170629$lBLL01$h1557
=CAT  \\$aBLDSS-3PM$b00$c20170706$lBLL01$h1506
=CAT  \\$aBATCH-UPD$b00$c20170706$lBLL01$h1507
=CAT  \\$aW1711-1005$c20171206$lBLL01$h1830
=CAT  \\$a10983$b40$c20180305$lBLL01$h1454
=CAT  \\$a10806$b40$c20180517$lBLL01$h0827
=CAT  \\$a10806$b40$c20180517$lBLL01$h0828
=CAT  \\$a10806$b40$c20180517$lBLL01$h0858
=CAT  \\$a8871$b40$c20180517$lBLL01$h1629
=CAT  \\$a10806$b40$c20180518$lBLL01$h0755
=CAT  \\$a5552$b40$c20191129$lBLL01$h1055
=FIN  \\$aY$d20180518
=FMT  \\$a  SE
=LAS  \\$a5552$b40$c20191129$lBLL01$h1055
=MNI  \\$a2452-0721

