=LDR  01932cas a2200493 i 4500
=001  018417894
=003  Uk
=005  20230214090319.0
=007  ta
=008  170710d20162017ie\qr\p\\\\\\\0\\\a0eng\\
=015  \\$aGBB7B6690$2bnb
=022  0\$a2009-9576
=040  \\$aUk$beng$cUk$erda
=042  \\$aukblsr
=082  04$a090.5$223
=130  0\$aTime traveller (Skibbereen, Ireland)
=245  14$aThe time traveller :$brare books & modern thought.
=246  18$aTime traveller :$brare books & modern thoughts
=264  \1$a[Skibbereen, County Cork, Ireland] :$bThe Time Traveller's Bookshop/The Time Traveller's Press,$c[2016]-2017
=300  \\$billustrations (black and white, and colour) ;$c30 cm
=310  \\$aQuarterly
=336  \\$atext$2rdacontent
=336  \\$astill image$2rdacontent
=337  \\$aunmediated$2rdamedia
=338  \\$avolume$2rdacarrier
=362  1\$aBegan with volume 1, issue 1 (winter 2016).
=500  \\$a"An independent magazine for independent minds."
=588  \\$aDescription based on: volume 1, issue 2 (spring 2017).
=650  \0$aRare books$vPeriodicals.
=650  \0$aRare books$vReviews$vPeriodicals.
=650  \0$aRare books$zIreland$vPeriodicals.
=650  \0$aRare books$xCollectors and collecting$vPeriodicals.
=650  \0$aRare books$xCollectors and collecting$zIreland$vPeriodicals.
=650  \0$aIrish literature$vPeriodicals.
=650  \0$aAntiquarian booksellers$vPeriodicals.
=852  41$aBritish Library$bHMNTS$jZK.9.b.35911$3Vol. 1, issue 1 (winter 2017)-v. 1, issue 2 (spring 2017)
=985  \\$aIrish ISSN Centre work record on ISSN Portal. Please add key title when verified.
=CAT  \\$a11205$b40$c20170710$lBLL01$h1624
=CAT  \\$a11205$b40$c20170710$lBLL01$h1626
=CAT  \\$a11205$b40$c20170710$lBLL01$h1639
=CAT  \\$a7764$b40$c20230214$lBLL01$h0903
=FIN  \\$aY$d20170710
=FMT  \\$a  SE
=LAS  \\$a7764$b40$c20230214$lBLL01$h0903

