=LDR  02343 as a2200553 i 4500
=001  018421708
=003  Uk
=005  20170712162458.0
=006  m\\\\\|\\d\|\\\\\\
=007  cr\|||||||||||
=008  170712d20092016stkbr\p\o\\\\\0\\\a0eng\\
=022  0\$y2042-1974
=040  \\$aUk$beng$cUk$erda
=042  \\$aukblsr
=082  04$a624.0289$223
=130  0\$aDigest (Association for Project Safety)
=245  10$aDigest /$cAssociation for Project Safety.
=246  3\$aAPS digest
=246  3\$aAssociation for Project Safety digest
=264  \1$aEdinburgh :$bAPS
=300  \\$billustrations (black and white, and colour)
=310  \\$aBimonthly
=336  \\$atext$2rdacontent
=337  \\$acomputer$2rdamedia
=338  \\$aonline resource$2rdacarrier
=362  1\$aPrint began in 2009.
=362  0\$a-issue 43 (12 2016).
=500  \\$a"Promoting best practice in construction health & safety".
=588  \\$aDescription based on: issue 35 (06 2015); title from PDF cover.
=588  \\$aLatest issue consulted: issue 43 (12 2016).
=650  \0$aConstruction industry$zGreat Britain$xSafety measures$vPeriodicals.
=650  \0$aConstruction industry$xHealth aspects$zGreat Britain$vPeriodicals.
=710  2\$aAssociation for Project Safety,$eissuing body.
=776  08$iAlso issued in print as:$sDigest (Association for Project Safety)$x2042-1974
=785  00$tProject safety matters$x2514-376X
=852  41$aBritish Library$bHMNTS$jELD Digital store$3Issue 35(2015)-Issue 43(2016)
=856  4\$uhttps://www.aps.org.uk/$zTo subscribe
=859  \\$aELD$bejournal
=985  \\$aLooks like these back issues have been sent in as result of print claim on 015373784. Discussed with Anna whether to take - wouldn't normally take just one issue, but she advises to take them in this case; catalogued as closed set - no ISSN assigned - GC12/7/17
=CAT  \\$a3072$b40$c20170712$lBLL01$h1620
=CAT  \\$a3072$b40$c20170712$lBLL01$h1621
=CAT  \\$a3072$b40$c20170712$lBLL01$h1622
=CAT  \\$a3072$b40$c20170712$lBLL01$h1624
=CAT  \\$aW1711-1005$c20171206$lBLL01$h1830
=FIN  \\$aY$d20170712
=FMT  \\$a  SE
=LAS  \\$aW1711-1005$b00$c20171206$lBLL01$h1830
=LET  \0$aDigest - Association for Project Safety (Electronic)
=LKR  \\$aPAR$b015373784$lBLL01$r776$mDigest (Online)$nDigest (Print)

