=LDR  02988cas a2200757 i 4500
=001  018510256
=003  Uk
=005  20201125221632.0
=007  ta
=008  170719c20169999pl\ar\p\\\s\\\0\\\a0eng\d
=010  \\$a  2018214639
=022  \\$y2719-3543$y2451-4004
=035  \\$a(PlWaKWL)lx2017064324
=035  \\$a(OCoLC)1000445988
=035  \\$a(OCoLC)on1000445988
=040  \\$aHLS$beng$cHLS$dOCLCO$dOCLCF$dJ9U$dDLC$dOCL$dHLS$dUKMGB$dUk$erda
=042  \\$aukblsr
=043  \\$ae-pl---
=050  00$aDK4010$b.R63
=082  04$a943.8005$223
=130  0\$aRocznik kultury polskiej.$lEnglish.
=245  10$aPolish culture yearbook.
=264  \1$aWarsaw :$bNational Centre for Culture, Poland,$c2016-
=300  \\$avolumes :$billustrations (colour) ;$c24 cm
=310  \\$aAnnual
=336  \\$atext$2rdacontent
=337  \\$aunmediated$2rdamedia
=338  \\$avolume$2rdacarrier
=362  1\$aBegan with 2016 issue.
=500  \\$a"Publication financed by the Ministry of Culture and National Heritage."
=588  \\$aDescription based on: 2016; title from title page.
=588  \\$aLatest issue consulted: 2017.
=648  \7$a2000-2099$2fast
=650  \0$aArts$zPoland$vPeriodicals.
=650  \0$aLeisure$zPoland$vPeriodicals.
=650  \0$aArts$zPoland$vStatistics$vPeriodicals.
=650  \0$aLeisure$zPoland$vStatistics$vPeriodicals.
=650  \0$aPublic institutions$zPoland$vPeriodicals.
=650  \7$aArts.$2fast$0(OCoLC)fst00817721
=650  \7$aCivilization.$2fast$0(OCoLC)fst00862898
=650  \7$aLeisure.$2fast$0(OCoLC)fst00996018
=650  \7$aPublic institutions.$2fast$0(OCoLC)fst01082505
=651  \0$aPoland$xCivilization$y21st century$vPeriodicals.
=651  \7$aPoland.$2fast$0(OCoLC)fst01206891
=651  \4$aPoland$xIntellectual life$vPeriodicals.
=651  \4$aPoland$xCivilization$vPeriodicals.
=655  \7$aPeriodicals.$2fast$0(OCoLC)fst01411641
=655  \7$aStatistics.$2fast$0(OCoLC)fst01423727
=710  2\$aNarodowe Centrum Kultury (Poland),$eissuing body.
=710  1\$aPoland.$bMinisterstwo Kultury i Dziedzictwa Narodowego.
=775  08$iPolish version:$tRocznik kultury polskiej$x2451-4004
=776  08$iAlso issued online as:$tPolish culture yearbook$x2719-387X
=852  41$aBritish Library$bHMNTS$jZD.9.a.3042$32016, 2017
=985  \\$aISSN 2719-3543 is the number assigned for this (English version) title. Provisional record only on ISSN Portal, please add 222 & amend 022 when verified.
=CAT  \\$a14712$b40$c20170913$lBLL01$h0947
=CAT  \\$a14712$b40$c20180817$lBLL01$h0757
=CAT  \\$a14712$b40$c20180817$lBLL01$h0802
=CAT  \\$a10695$b40$c20200108$lBLL01$h1608
=CAT  \\$a11205$b40$c20201125$lBLL01$h1228
=CAT  \\$a11205$b40$c20201125$lBLL01$h1338
=CAT  \\$aBATCH-016$c20201125$lBLL01$h2216
=CAT  \\$aW2308-1659$c20230923$lBLL01$h0935
=FIN  \\$aY$d20200108
=FMT  \\$a  SE
=LAS  \\$aW2308-1659$b00$c20230923$lBLL01$h0935
=SID  \\$aZ39$bLOC

