=LDR  01286 as a2200373 i 4500
=001  018510374
=003  Uk
=005  20180703154851.0
=007  ta
=008  170913c20179999nr\mr\p\\6\\\\0\\\a0eng\\
=040  \\$aUk$beng$cUk$erda
=042  \\$aukblsr
=082  04$a741.596$223
=245  00$aKugali mag :$ban African comics anthology.
=246  10$aKugali
=264  \1$a[Nigeria] :$bKugali Media,$c2017-
=300  \\$bchiefly illustrations (black and white) ;$c25 cm
=310  \\$aMonthly
=336  \\$atext$2rdacontent
=337  \\$aunmediated$2rdamedia
=338  \\$avolume$2rdacarrier
=362  0\$aIssue 0-
=650  \0$aAdventure stories, English$zAfrica$vComic books, strips, etc.$vPeriodicals.
=650  \0$aAfrican wit and humor, Pictorial$vPeriodicals.
=651  \0$aAfrica$vFiction$vComic books, strips, etc.
=651  \0$aAfrica$vFiction$vPeriodicals.
=852  41$aBritish Library$bOC$jZP.9.a.725$3Issue 0 (2017)
=985  \\$aInformation from publisher: Not the same publication as: Kugali anthology, ISSN 2517-7621 (Pre-publication).
=CAT  \\$a8496$b40$c20170913$lBLL01$h1126
=CAT  \\$a11205$b40$c20180628$lBLL01$h1554
=CAT  \\$a8323$b40$c20180703$lBLL01$h1548
=FIN  \\$aY$d20180703
=FMT  \\$a  SE
=LAS  \\$a8323$b40$c20180703$lBLL01$h1548

