=LDR  03056cas a2200721 i 4500
=001  018514457
=003  Uk
=005  20221231145433.0
=007  ta
=008  170915c20179999ie\qr\p\\\\\\\0\\\a0eng\\
=015  \\$aGBB7G6415$2bnb
=022  0\$a2565-540X
=040  \\$aUk$beng$cUk$erda
=042  \\$aukblsr
=082  04$a361.06$223
=222  \4$aThe Irish journal of counselling and psychotherapy
=245  04$aThe Irish journal of counselling and psychotherapy :$bÉisteach.
=264  \1$aDun Laoghaire, Co. Dublin :$bIrish Association for Counselling and Psychotherapy,$c2017-
=300  \\$billustrations (colour) ;$c27 cm
=310  \\$aQuarterly
=336  \\$atext$2rdacontent
=337  \\$aunmediated$2rdamedia
=338  \\$avolume$2rdacarrier
=362  0\$aVolume 17, issue 3 (Autumn 2017)-
=540  \\$aCurrent Copyright Fee: GBP25.00$c0$5Uk
=650  \0$aCounseling$vPeriodicals.
=650  \0$aPsychotherapy$vPeriodicals.
=650  \0$aTherapeutics$vPeriodicals.
=690  7\$aSocial Welfare$2blcoll
=710  2\$aIrish Association for Counselling and Psychotherapy,$eissuing body.
=780  00$tÉisteach$x1393-3582
=852  41$aBritish Library$bHMNTS$jZK.9.b.20159$3Vol. 17, issue 3 (autumn 2017)-
=852  41$aBritish Library$bDSC$j4571.920000$3Vol. 17, No. 3 (2017)-
=945  \\$aThe Irish journal of counselling and psychotherapy
=959  \\$fCurrently received
=985  \\$aISSN assignment request (+ scans) sent to ISSN Ireland 02/10/17 - ETOC request (Richard (Leeds)). UPDATE - New ISSN 2565-540X still in Work status (07/11/17)
=ACF  \\$aPrevious Copyright Fee: GBP15.00$c0$e25-sep-2017$fGBP15.00$g0$hA$5Uk
=ACF  \\$aPrevious Copyright Fee: GBP17.50$c0$e01-jan-2018$fGBP17.50$g0$hA$5Uk
=ACF  \\$aPrevious Copyright Fee: GBP20.00$c0$e01-jan-2020$fGBP20.00$g0$hA$5Uk
=CAT  \\$a5110$b40$c20170915$lBLL01$h1144
=CAT  \\$a8335$b40$c20170925$lBLL01$h1009
=CAT  \\$aBATCH-SWP$c20170929$lBLL01$h2229
=CAT  \\$a10806$b40$c20171002$lBLL01$h1039
=CAT  \\$a10806$b40$c20171004$lBLL01$h0926
=CAT  \\$a10806$b40$c20171004$lBLL01$h0937
=CAT  \\$a10806$b40$c20171023$lBLL01$h1030
=CAT  \\$a5997$b40$c20171107$lBLL01$h0757
=CAT  \\$aBATCH-CLA$b00$c20171222$lBLL01$h2222
=CAT  \\$aIPL-CLA$c20171231$lBLL01$h1835
=CAT  \\$aBATCH-CLA$b00$c20191219$lBLL01$h1804
=CAT  \\$aIPL-CLA$c20191231$lBLL01$h2044
=CAT  \\$aR2001-1524$c20200127$lBLL01$h2109
=CAT  \\$aBATCH-CLA$b00$c20201204$lBLL01$h1616
=CAT  \\$aIPL-CLA$c20201231$lBLL01$h1534
=CAT  \\$aBATCH-CLA$b00$c20221221$lBLL01$h1934
=CAT  \\$aIPL-CLA$c20221231$lBLL01$h1454
=CFI  0\$aCurrent Copyright Fee: GBP25.00$c0$e01-jan-2023$fGBP25.00$g0$hA$5Uk
=CFI  2\$aPrevious Copyright Fee: GBP22.50$c0$e01-jan-2021$fGBP22.50$g0$hA$5Uk
=FIN  \\$aY$d20170915
=FMT  \\$a  SE
=LAS  \\$aIPL-CLA$b00$c20221231$lBLL01$h1454
=LKR  \\$aPAR$b007848608$lBLL01$nÉisteach$mThe Irish journal of counselling and psychotherapy$r78000
=TOC  \\$aETOC

