=LDR  02678cas a2200673 i 4500
=001  018607035
=003  Uk
=005  20191231204456.0
=006  m\\\\\|\\d\|\\\\\\
=007  cr\|||||||||||
=008  171113c20189999enkqr\p\o\\\\\0\\\a0eng\\
=015  \\$aGBB819444$2bnb
=022  \\$a2574-173X
=037  \\$aISSN_2574173X$bPortico$nWiley
=040  \\$aUk$beng$cUk$erda
=042  \\$aukblsr
=082  04$a615.78$223
=245  00$aNeuropsychopharmacology reports.
=264  \1$a[Oxford] :$bWiley,$c[2018]-
=310  \\$aQuarterly
=336  \\$atext$2rdacontent
=337  \\$acomputer$2rdamedia
=338  \\$aonline resource$2rdacarrier
=540  \\$aCurrent Copyright Fee: zero$c35\0$5Uk
=550  \\$a"Official publication of the Japanese Society of Neuropsychopharmacology."
=580  \\$aContinues print resource: Nihon shinkei seishin yakurigaku zasshi.
=588  \\$aDescription based on: article accepted January 2, 2018; Wiley Online Library, viewed January 29, 2018.
=650  \0$aNeuropsychopharmacology$vPeriodicals.
=710  2\$aNihon Shinkei Seishin Yakuri Gakkai.
=780  00$tNihon shinkei seishin yakurigaku zasshi$x1340-2544
=852  41$aBritish Library$bHMNTS$jELD Digital store$3Volume 38:Issue 1(2018)-
=856  \\$31850-9999$uhttp://onlinelibrary.wiley.com/$xBLDSS
=856  40$uhttp://onlinelibrary.wiley.com/journal/10.1002/(ISSN)2574-173X
=859  \\$aELD$bejournal
=945  \\$aNeuropsychopharmacology reports.
=979  \\$aBritish Library$bDSC$j6081.555700N
=985  \\$a222 not added, work record only on ISSN Portal; please add key title when validated.
=CAT  \\$a11450$b40$c20171113$lBLL01$h1215
=CAT  \\$aW1711-1005$c20171206$lBLL01$h1830
=CAT  \\$a11205$b40$c20180129$lBLL01$h1034
=CAT  \\$a11205$b40$c20180129$lBLL01$h1127
=CAT  \\$a11205$b40$c20180129$lBLL01$h1426
=CAT  \\$a10983$b40$c20180219$lBLL01$h1325
=CAT  \\$a5552$b40$c20190711$lBLL01$h1251
=CAT  \\$aBLDSS-3PM$b00$c20190717$lBLL01$h1521
=CAT  \\$aBATCH-UPD$b00$c20190717$lBLL01$h1521
=CAT  \\$a5410$b40$c20190731$lBLL01$h1251
=CAT  \\$aR1911-0245$c20191127$lBLL01$h1037
=CAT  \\$aIPL-CLA$c20191231$lBLL01$h2044
=CFI  0\$aCurrent Copyright Fee: zero$c35\0$e01-jan-2020$fGBP0.00$g0$hP$5Uk
=CFI  2\$aPrevious copyright fee: GBP28.00$c35\0$e11-jul-2019$fGBP28.00$g0$hP$5Uk
=FFP  \\$aY$bBLDSS-3PM
=FIN  \\$aY$d20180129
=FMT  \\$a  SE
=LAS  \\$aIPL-CLA$b00$c20191231$lBLL01$h2044
=LKR  \\$aPAR$b010481971$lBLL01$nNihon shinkei seishin yakurigaku zasshi$mNeuropsychopharmacology reports$r78000
=MNI  \\$a2574-173X
=TOC  \\$aETOC
=UNO  \\$aY

