=LDR  02387cas a2200649 i 4500
=001  018607045
=003  Uk
=005  20191231204456.0
=006  m\\\\\|\\d\|\\\\\\
=007  cr\|||||||||||
=008  171113c20179999enkqr\p\o\\\\\0\\\a0eng\\
=015  \\$aGBB819443$2bnb
=022  \\$a2574-2272
=037  \\$aISSN_25742272$bPortico$nWiley
=040  \\$aUk$beng$cUk$erda
=042  \\$aukblsr
=082  04$a618.920005$223
=245  00$aPediatric investigation.
=264  \1$a[Oxford] :$bWiley,$c[2017]-
=310  \\$aQuarterly
=336  \\$atext$2rdacontent
=337  \\$acomputer$2rdamedia
=338  \\$aonline resource$2rdacarrier
=362  0\$aVolume 1, number 1 (December 2017)-
=500  \\$aTitle from table of contents page (Wiley Online Library, viewed January 29, 2018).
=540  \\$aCurrent Copyright Fee: zero$c35\0$5Uk
=650  \0$aPediatrics$vPeriodicals.
=650  \0$aPediatrics$xResearch$vPeriodicals.
=710  2\$aFutang er tong yi xue fa zhan yan jiu zhong xin.
=852  41$aBritish Library$bHMNTS$jELD Digital store$3Volume 1:Issue 1(2017)-
=856  \\$31850-9999$uhttp://onlinelibrary.wiley.com/$xBLDSS
=856  40$uhttp://onlinelibrary.wiley.com/journal/10.1002/(ISSN)2574-2272
=859  \\$aELD$bejournal
=945  \\$aPediatric investigation.
=979  \\$aBritish Library$bDSC$j6417.602200N
=985  \\$a222 not added, work record only on ISSN Portal; please add key title when validated.
=CAT  \\$a11450$b40$c20171113$lBLL01$h1222
=CAT  \\$aW1711-1005$c20171206$lBLL01$h1830
=CAT  \\$a11205$b40$c20180129$lBLL01$h1116
=CAT  \\$a11205$b40$c20180129$lBLL01$h1127
=CAT  \\$a11205$b40$c20180129$lBLL01$h1425
=CAT  \\$a10983$b40$c20180219$lBLL01$h1453
=CAT  \\$a8871$b40$c20181219$lBLL01$h0728
=CAT  \\$a5552$b40$c20190614$lBLL01$h1549
=CAT  \\$aBLDSS-3PM$b00$c20190617$lBLL01$h1550
=CAT  \\$aBATCH-UPD$b00$c20190617$lBLL01$h1550
=CAT  \\$aR1911-0245$c20191127$lBLL01$h1037
=CAT  \\$aIPL-CLA$c20191231$lBLL01$h2044
=CFI  0\$aCurrent Copyright Fee: zero$c35\0$e01-jan-2020$fGBP0.00$g0$hP$5Uk
=CFI  2\$aPrevious copyright fee: GBP28.00$c35\0$e14-jun-2019$fGBP28.00$g0$hP$5Uk
=FFP  \\$aY$bBLDSS-3PM
=FIN  \\$aY$d20180129
=FMT  \\$a  SE
=LAS  \\$aIPL-CLA$b00$c20191231$lBLL01$h2044
=MNI  \\$a2574-2272
=TOC  \\$aETOC
=UNO  \\$aY

