=LDR  03557cas a2200877 i 4500
=001  018611232
=003  Uk
=005  20211231154742.0
=006  m\\\\\|\\d\|\\\\\\
=007  cr\|||||||||||
=008  171116c20179999enkqr\p\o\\\\\0\\\a0eng\\
=015  \\$aGBB822149$2bnb
=022  \\$a2573-2331
=037  \\$aISSN_25732323$bPortico$nWiley
=040  \\$aUk$beng$cUk$erda
=042  \\$aukblsr
=082  04$a361.6105$223
=245  00$aIPPR progressive review.
=246  3\$aInstitute for Public Policy Research progressive review
=246  30$aProgressive review
=264  \1$a[Oxford] :$bWiley,$c[2017]-
=310  \\$aQuarterly
=336  \\$atext$2rdacontent
=337  \\$acomputer$2rdamedia
=338  \\$aonline resource$2rdacarrier
=362  0\$aVolume 24, issue 1 (summer 2017)-
=500  \\$aTitle from table of contents page (Wiley Online Library, viewed January 30, 2018).
=540  \\$aCurrent copyright fee: GBP39.00$c35\0$5Uk
=550  \\$a"Published on behalf of IPPR."
=588  \\$aLatest issue consulted: volume 24, issue 3 (winter 2017); viewed January 30, 2018.
=650  \0$aPolitical planning$vPeriodicals.
=650  \0$aPolitical planning$zGreat Britain$vPeriodicals.
=650  \0$aPolitical planning$zEuropean Union countries$vPeriodicals.
=650  \0$aSocial policy$vPeriodicals.
=651  \0$aGreat Britain$xSocial policy$vPeriodicals.
=651  \0$aEuropean Union countries$xSocial policy$vPeriodicals.
=690  7\$aSocial Welfare$2blcoll
=710  2\$aInstitute for Public Policy Research (London, England)
=776  08$iAlso issued in print as:$tIPPR progressive review$x2573-2323
=780  00$tJuncture$x2050-5876
=852  41$aBritish Library$bHMNTS$jELD Digital store$3Volume 24:Issue 1(2017)-
=856  \\$31850-9999$uhttp://onlinelibrary.wiley.com/$xBLDSS
=856  40$uhttp://onlinelibrary.wiley.com/journal/10.1111/(ISSN)2573-2331
=859  \\$aELD$bejournal
=945  \\$aIPPR progressive review.
=979  \\$aBritish Library$bDSC$j4567.462450N
=985  \\$a222 not added, work record only on ISSN Portal; please add key title when validated.
=ACF  \\$aPrevious copyright fee: GBP28.00$c35\0$e27-jun-2019$fGBP28.00$g0$hP$5Uk
=CAT  \\$a14412$b40$c20171116$lBLL01$h1222
=CAT  \\$a14412$b40$c20171122$lBLL01$h1436
=CAT  \\$aW1711-1005$c20171205$lBLL01$h2213
=CAT  \\$a11205$b40$c20180130$lBLL01$h1030
=CAT  \\$a11205$b40$c20180130$lBLL01$h1047
=CAT  \\$aBATCH-SWP$c20180202$lBLL01$h2209
=CAT  \\$a10983$b40$c20180310$lBLL01$h0842
=CAT  \\$a5552$b40$c20190627$lBLL01$h1344
=CAT  \\$aBLDSS-3PM$b00$c20190704$lBLL01$h1639
=CAT  \\$aBATCH-UPD$b00$c20190704$lBLL01$h1639
=CAT  \\$a5410$b40$c20190722$lBLL01$h1131
=CAT  \\$aR1911-0245$c20191127$lBLL01$h0823
=CAT  \\$aR1911-0245$c20191127$lBLL01$h1045
=CAT  \\$aIPL-CLA$c20191231$lBLL01$h2044
=CAT  \\$aW2111-0842$c20211208$lBLL01$h1943
=CAT  \\$a12654$b40$c20211213$lBLL01$h1338
=CAT  \\$aIPL-CLA$c20211231$lBLL01$h1547
=CFI  0\$aCurrent copyright fee: GBP39.00$c35\0$e01-jan-2022$fGBP39.00$g0$hP$5Uk
=CFI  2\$aPrevious Copyright Fee: GBP32.00$c35\0$e01-jan-2020$fGBP32.00$g0$hP$5Uk
=FFP  \\$aY$bBLDSS-3PM
=FIN  \\$aY$d20180130
=FMT  \\$a  SE
=LAS  \\$aIPL-CLA$b00$c20211231$lBLL01$h1547
=LET  \0$aIPPR progressive review (Electronic)
=LKR  \\$aPAR$b016106433$lBLL01$nJuncture (Online)$mIPPR progressive review (Online)$r78000
=MNI  \\$a2573-2323
=TOC  \\$aETOC
=UNO  \\$aY

