=LDR  02878cas a2200721 i 4500
=001  018611297
=003  Uk
=005  20200129133439.0
=006  m\\\\\|\\d\|\\\\\\
=007  cr\|||||||||||
=008  171116c20189999njumr\p\o\\\\\0\\\a0eng\\
=015  \\$aGBB8D1428$2bnb
=022  \\$a2572-4525
=037  \\$aISSN_25724517$bPortico$nWiley
=040  \\$aUk$beng$cUk$erda
=042  \\$aukblsr
=082  04$a551.46$223
=245  00$aPaleoceanography and paleoclimatology :$ban AGU journal exploring Earth's paleoclimate.
=264  \1$aHoboken, NJ :$bPublished on behalf of the American Geophysical Union by Wiley Publications Inc,$c2018-
=300  \\$billustrations (black and white, and colour)
=310  \\$aMonthly
=336  \\$atext$2rdacontent
=337  \\$acomputer$2rdamedia
=338  \\$aonline resource$2rdacarrier
=362  0\$aVolume 33, issue 1 (January 2018)-
=500  \\$aTitle from PDF cover (Publisher's Web site, viewed 11 July, 2018).
=540  \\$aCurrent Copyright Fee: GBP39.00$c35\0$5Uk
=588  \\$aLatest issue consulted: volume 33, issue 5 (May 2018) (viewed 11 July, 2018).
=650  \0$aPaleoceanography$vPeriodicals.
=650  \0$aPaleoclimatology$vPeriodicals.
=710  2\$aAmerican Geophysical Union,$eissuing body.
=776  08$iAlso issued in print as:$tPaleoceanography and paleoclimatology
=780  00$tPaleoceanography$x1944-9186
=852  41$aBritish Library$bHMNTS$jELD Digital store$3Volume 33:Issue 1(2018)-
=856  \\$31850-9999$uhttp://onlinelibrary.wiley.com/$xBLDSS
=856  40$uhttps://agupubs.onlinelibrary.wiley.com/toc/25724525/current
=859  \\$aELD$bejournal
=945  \\$aPaleoceanography and paleoclimatology
=979  \\$aBritish Library$bDSC$j6345.295500N
=985  \\$aISSN still US work record 11/7/18
=CAT  \\$a14412$b40$c20171116$lBLL01$h1424
=CAT  \\$aW1711-1005$c20171206$lBLL01$h1830
=CAT  \\$a10983$b40$c20180219$lBLL01$h1326
=CAT  \\$a8124$b40$c20180711$lBLL01$h0949
=CAT  \\$a8124$b40$c20180711$lBLL01$h0950
=CAT  \\$a8124$b40$c20180711$lBLL01$h1507
=CAT  \\$a8124$b40$c20180816$lBLL01$h1354
=CAT  \\$a5552$b40$c20200114$lBLL01$h1404
=CAT  \\$aBATCH-UNOD$c20200114$lBLL01$h2340
=CAT  \\$a12654$b40$c20200123$lBLL01$h1345
=CAT  \\$aBATCH-UNOA$c20200129$lBLL01$h0059
=CAT  \\$aBLDSS-3PM$b00$c20200129$lBLL01$h1334
=CAT  \\$aBATCH-UPD$b00$c20200129$lBLL01$h1335
=CFI  0\$aCurrent Copyright Fee: GBP39.00$c35\0$e14-jan-2020$fGBP32.00$g0$hP$5Uk
=FFP  \\$aY$bBLDSS-3PM
=FIN  \\$aY$d20180711
=FMT  \\$a  SE
=LAS  \\$aBATCH-UPD$b00$c20200129$lBLL01$h1335
=LET  \0$aPaleoceanography and paleoclimatology (Electronic)
=LKR  \\$aPAR$b016324314$lBLL01$nPaleoceanography$mPaleoceanography and paleoclimatology$r78000
=MNI  \\$a2572-4517
=TOC  \\$aETOC
=UNO  \\$aY

