=LDR  03008cas a2200793 i 4500
=001  018611322
=003  Uk
=005  20220128082540.0
=006  m\\\\\o\\d\\\\\\\\
=007  cr||||||||||||
=008  170217c20189999njuar\\\o\\\\\|\\\a0eng\\
=010  \\$a  2017200094
=022  \\$a2476-1281
=035  \\$a(OCoLC)972902740
=037  \\$aISSN_24761273$bPortico$nWiley
=040  \\$aDLC$beng$cDLC$dDLC$dUk$erda
=042  \\$aukblsr
=082  04$a658.8343$223
=245  00$aConsumer psychology review.
=264  \1$aHoboken, NJ :$bWiley,$c2018-
=310  \\$aAnnual
=336  \\$atext$2rdacontent
=337  \\$acomputer$2rdamedia
=338  \\$aonline resource$2rdacarrier
=362  0\$aVolume 1, issue 1 (January 2018)-
=500  \\$aTitle from table of contents page (Wiley Online Library, viewed January 29, 2018).
=540  \\$aCurrent copyright fee: GBP39.00$c35\0$5Uk
=650  \0$aConsumer behavior$vPeriodicals.
=650  \0$aConsumers$xPsychology$xResearch$vPeriodicals.
=690  7\$aManagement and Business Studies$2blcoll
=710  2\$aSociety for Consumer Psychology.
=776  08$iPrint version:$tConsumer psychology review$x2476-1273
=852  \\$aBritish Library$bDSC$j3424.476000$3Volume 2:Issue 1(2019)-Volume 4:Issue 1(2021)
=852  41$aBritish Library$bHMNTS$jELD Digital store$3Volume 1:Issue 1(2018)-
=856  \\$31850-9999$uhttp://onlinelibrary.wiley.com/$xBLDSS
=856  40$uhttp://onlinelibrary.wiley.com/journal/10.1002/(ISSN)2476-1281
=859  \\$aELD$bejournal
=945  \\$aConsumer psychology review
=959  \\$fHeld but not currently received
=985  \\$aNot added 222 as still only work record on ISSN Portal.
=ACF  \\$aPrevious copyright fee: GBP28.00$c35\0$e08-mar-2019$fGBP28.00$g0$hP$5Uk
=CAT  \\$a14412$b40$c20171116$lBLL01$h1452
=CAT  \\$a14412$b40$c20171122$lBLL01$h1425
=CAT  \\$aW1711-1005$c20171205$lBLL01$h2213
=CAT  \\$a5110$b40$c20180129$lBLL01$h1357
=CAT  \\$aBATCH-MBS$c20180202$lBLL01$h2109
=CAT  \\$a10983$b40$c20180219$lBLL01$h1429
=CAT  \\$a8055$b40$c20190308$lBLL01$h1206
=CAT  \\$a8055$b40$c20190308$lBLL01$h1215
=CAT  \\$aBATCH-UPD$b40$c20190312$lBLL01$h2342
=CAT  \\$aBLDSS-3PM$b00$c20190314$lBLL01$h0848
=CAT  \\$aBATCH-UPD$b00$c20190314$lBLL01$h0849
=CAT  \\$aR1911-0245$c20191127$lBLL01$h0823
=CAT  \\$aR1911-0245$c20191127$lBLL01$h1045
=CAT  \\$aIPL-CLA$c20191231$lBLL01$h2044
=CAT  \\$aW2111-0842$c20211208$lBLL01$h1943
=CAT  \\$aIPL-CLA$c20211231$lBLL01$h1547
=CAT  \\$a12654$b40$c20220128$lBLL01$h0825
=CFI  0\$aCurrent copyright fee: GBP39.00$c35\0$e01-jan-2022$fGBP39.00$g0$hP$5Uk
=CFI  2\$aPrevious Copyright Fee: GBP32.00$c35\0$e01-jan-2020$fGBP32.00$g0$hP$5Uk
=EST  \\$a1
=FFP  \\$aY$bBLDSS-3PM
=FIN  \\$aY$d20180129
=FMT  \\$a  SE
=LAS  \\$a12654$b40$c20220128$lBLL01$h0825
=MNI  \\$a2476-1273
=SID  \\$aZ39$bOCLC
=TOC  \\$aETOC
=UNO  \\$aY

