=LDR  01333cas a2200385 i 4500
=001  018633284
=003  Uk
=005  20180219133255.0
=007  ta
=008  171205c20179999it\ar\p\\\\\\\0\\\b0ita\\
=022  \\$a2533-1620
=040  \\$aUk$beng$cUk$erda
=042  \\$aukblsr
=082  04$a741.64$223
=245  02$aL'Illustrazione :$brivista del libro a stampa illustrato /$cFondata e diretta da Giancarlo Petrella.
=264  \1$aFirenze :$bLeo S. Olschki Editore,$c[2017]-
=300  \\$billustrations (black and white, and colour) ;$c30 cm
=310  \\$aAnnual
=336  \\$atext$2rdacontent
=336  \\$astill image$2rdacontent
=337  \\$aunmediated$2rdamedia
=338  \\$avolume$2rdacarrier
=362  0\$aAnno 1 (2017)-
=650  \0$aIllustration of books$vPeriodicals.
=650  \0$aIllustration of books$xHistory$vPeriodicals.
=650  \0$aIllustration of books$xResearch$vPeriodicals.
=700  1\$aPetrella, Giancarlo,$d1974-
=852  41$aBritish Library$bHMNTS$jZF.9.b.2287$3Anno. 1, (2017)-
=985  \\$aWork record only on ISSN Portal; please add key title when validated.
=CAT  \\$a8496$b40$c20171205$lBLL01$h1344
=CAT  \\$a11205$b40$c20180219$lBLL01$h1328
=CAT  \\$a11205$b40$c20180219$lBLL01$h1332
=FIN  \\$aY$d20180219
=FMT  \\$a  SE
=LAS  \\$a11205$b40$c20180219$lBLL01$h1332

