=LDR  02917cas a2200673 i 4500
=001  018649162
=003  Uk
=005  20230511163134.0
=007  ta
=008  171215c20169999enkfr\p\\\\\\\0\\\a0eng\\
=015  \\$aGBB7O3157$2bnb
=022  \\$a2470-5357
=040  \\$aUk$beng$cUk$dUk$erda
=042  \\$aukblsr
=082  04$a577.605$223
=222  \0$aJournal of ecohydraulics
=245  00$aJournal of ecohydraulics.
=246  13$aTJoE
=264  \1$a[Abingdon] :$bTaylor & Francis,$c[2016]-
=300  \\$billustrations (black and white, and colour) ;$c30 cm
=310  \\$aSemiannual
=336  \\$atext$2rdacontent
=337  \\$aunmediated$2rdamedia
=338  \\$avolume$2rdacarrier
=362  1\$aBegan with volume 1, numbers 1-2 (2016).
=540  \\$aCurrent Copyright Fee: zero$c2\0$5Uk
=588  \\$aDescription based on: volume 2, number 2 (October 2017).
=650  \0$aEcohydrology$vPeriodicals.
=650  \0$aEnvironmental hydraulics$vPeriodicals.
=710  2\$aInternational Association for Hydro-Environment Engineering and Research,$eissuing body.
=776  08$iOnline version:$tJournal of ecohydraulics$x2470-5365
=852  41$aBritish Library$bSTI$k(P)$h577.605 -E (1)$3V.2, no.2(2017:Oct.)-v.7,no. 2(2022:Oct.)***Title now taken as electronic copy only
=856  \\$31850-9999$uhttp://www.tandfonline.com/$xBLDSS
=945  \\$aJournal of ecohydraulics.
=979  \\$aBritish Library$bDSC$j4971.865000N
=985  \\$aWork records only on ISSN Portal for both print and online versions. Please add key title and reciprocal 776 fields when ISSN are validated and online version is completed/catalogued.
=985  \\$aDesignation taken from table of contents page.
=985  \\$aThe statement "Supported by Spain Water and IWHR, China" refers to the IAHR/AIRH, therefore after consultation with AC, decision taken not to give them an added entry.
=ACF  \\$aPrevious Copyright Fee: GBP40.25$c0$e01-apr-2018$fGBP40.25$g0$hC$5Uk
=CAT  \\$a11205$b40$c20171215$lBLL01$h1619
=CAT  \\$a11205$b40$c20171215$lBLL01$h1624
=CAT  \\$a11205$b40$c20171219$lBLL01$h0903
=CAT  \\$a11205$b40$c20171219$lBLL01$h0906
=CAT  \\$aBATCH-CLA$b00$c20180228$lBLL01$h1647
=CAT  \\$aIPL-CLA$c20180331$lBLL01$h1723
=CAT  \\$aBATCH-CLA$b00$c20190228$lBLL01$h1622
=CAT  \\$aIPL-CLA$c20190331$lBLL01$h1733
=CAT  \\$a5552$b40$c20200102$lBLL01$h0909
=CAT  \\$aBLDSS-3PM$b00$c20200108$lBLL01$h0849
=CAT  \\$aBATCH-UPD$b00$c20200108$lBLL01$h0849
=CAT  \\$a3072$b40$c20201119$lBLL01$h1640
=CAT  \\$aBATCH-FIX$c20230511$lBLL01$h1631
=CFI  0\$aCurrent copyright fee: zero$c2\0$e02-jan-2020$fGBP0.00$g0$hP$5Uk
=CFI  2\$aPrevious Copyright Fee: GBP42.55$c0$e01-apr-2019$fGBP42.55$g0$hC$5Uk
=FFP  \\$aY$bBLDSS-3PM
=FIN  \\$aY$d20171215
=FMT  \\$a  SE
=LAS  \\$aBATCH-FIX$b00$c20230511$lBLL01$h1631
=TOC  \\$aETOC

