=LDR  02150 as a22005777i 4500
=001  018654036
=003  Uk
=005  20200916071248.0
=006  m\\\\\\\\d\|\\\\\\
=007  cr||||||||||||
=008  171220c20179999it\\x\p\o\\\\\0\\\a0eng\\
=022  \\$a2516-1466
=037  \\$aISSN_25161466$bPortico$nVeruscript
=040  \\$aUk$beng$cUk$dUk$erda
=042  \\$aukblsr
=082  04$a577$223
=222  \0$aJournal of ecoacoustics
=245  00$aJournal of ecoacoustics.
=246  30$aJEA
=264  \1$aLondon, UK :$bVeruscript
=264  31$32020-$aFivizzano, Italy :$bInternational Institute of Ecoacoustics
=336  \\$atext$2rdacontent
=337  \\$acomputer$2rdamedia
=338  \\$aonline resource$2rdacarrier
=362  0\$aVolume 1 (2017)-
=500  \\$aTitle from journal article running title (viewed December 20, 2017).
=588  \\$aLatest issue consulted: volume 4, issue 1 (2020) (publisher's Web site, viewed September 10, 2020).
=650  \0$aBioacoustics$vPeriodicals.
=650  \0$aNature sounds$vPeriodicals.
=650  \0$aLandscape ecology$vPeriodicals.
=650  \0$aEcosystem health$vPeriodicals.
=710  2\$aInternational Institute of Ecoacoustics.
=852  41$aBritish Library$bHMNTS$jELD Digital store$3Volume 1(2017)-Volume 3(2019)
=856  4\$uhttps://www.veruscript.com/journals/journal-of-ecoacoustics/$xOA-J
=856  40$uhttps://jea.jams.pub/
=859  \\$aELD$bejournal
=985  \\$aunclear who has published it from 2020 - the institute or MDPI AG.
=985  \\$aISSN UK Centre note: ROAD OA
=985  \\$aISSN transfer to Italy in progress (Richard, 14/09/20)
=CAT  \\$a11205$b40$c20171220$lBLL01$h1407
=CAT  \\$a10983$b40$c20180426$lBLL01$h1138
=CAT  \\$a3072$b40$c20200910$lBLL01$h1023
=CAT  \\$a3072$b40$c20200910$lBLL01$h1439
=CAT  \\$a10806$b40$c20200914$lBLL01$h0908
=CAT  \\$a3072$b40$c20200915$lBLL01$h1632
=CAT  \\$a3072$b40$c20200915$lBLL01$h1739
=CAT  \\$a7332$b40$c20200916$lBLL01$h0712
=FIN  \\$aY$d20171220
=FMT  \\$a  SE
=LAS  \\$a7332$b40$c20200916$lBLL01$h0712
=LET  \0$aJournal of ecoacoustics (Electronic)

