=LDR  02793cas a2200709 i 4500
=001  018660237
=003  Uk
=005  20230222083329.0
=006  m\\\\\|\\d\|\\\\\\
=007  cr\|||||||||||
=008  171229c20179999pauqr\p\o\\\\\0\\\a0eng\\
=015  \\$aGBB824489$2bnb
=022  \\$y2474-7882
=037  \\$aISSN_24747882$bPortico$nLippincott Williams & Wilkins
=040  \\$aUk$beng$cUk$erda
=042  \\$aukblsr
=082  04$a614.4$223
=245  00$aEnvironmental epidemiology.
=264  \1$a[Philadelphia?] :$bWolters Kluwer Health, Inc.,$c2017-
=300  \\$billustrations (black and white)
=310  \\$aFour times a year
=336  \\$atext$2rdacontent
=337  \\$acomputer$2rdamedia
=338  \\$aonline resource$2rdacarrier
=362  0\$aVolume 1, issue 1 (September 2017)-
=500  \\$aTitle from PDF editorial (publisher's website, viewed February 1, 2018).
=540  \\$aCurrent copyright fee: zero$c20\0$5Uk
=550  \\$aOfficial journal of the International Society for Environmental Epidemiology.
=650  \0$aEpidemiology$vPeriodicals.
=650  \0$aEpidemiology$xEnvironmental aspects$vPeriodicals.
=710  2\$aInternational Society for Environmental Epidemiology.
=787  0\$tEpidemiology (Cambridge, Mass. : Online)$x1531-5487
=852  41$aBritish Library$bHMNTS$jELD Digital store$3Volume 1:Issue 1(2017)-
=856  \\$31850-9999$uhttp://journals.lww.com/pages/default.aspx$xBLDSS
=856  40$uhttps://journals.lww.com/environepidem/pages/default.aspx
=859  \\$aELD$bejournal
=945  \\$aEnvironmental epidemiology.
=979  \\$aBritish Library$bDSC$j3791.464550N
=985  \\$aU.S. ISSN Center record awaiting completion (Richard (Leeds) 01/02/18)
=CAT  \\$a10983$b40$c20171229$lBLL01$h1204
=CAT  \\$a10806$b40$c20180201$lBLL01$h1135
=CAT  \\$a10806$b40$c20180201$lBLL01$h1137
=CAT  \\$a5552$b40$c20180212$lBLL01$h0847
=CAT  \\$aBLDSS-3PM$b00$c20180226$lBLL01$h1340
=CAT  \\$aBATCH-UPD$b00$c20180226$lBLL01$h1350
=CAT  \\$a10983$b40$c20180324$lBLL01$h0846
=CAT  \\$a12654$b40$c20230208$lBLL01$h0808
=CAT  \\$a12654$b40$c20230208$lBLL01$h0829
=CAT  \\$a12654$b40$c20230208$lBLL01$h0830
=CAT  \\$a12654$b40$c20230208$lBLL01$h0839
=CAT  \\$a12654$b40$c20230208$lBLL01$h0840
=CAT  \\$a5410$b40$c20230222$lBLL01$h0833
=CFI  0\$aCurrent copyright fee: zero$c20\0$e08-feb-2023$fGBP0.00$g0$hP$5Uk
=CFI  2\$aPrevious copyright fee: GBP32.00$c20\0$e12-feb-2018$fGBP32.00$g0$hP$5Uk
=FFP  \\$aY$bBLDSS-3PM
=FIN  \\$aY$d20180201
=FMT  \\$a  SE
=LAS  \\$a5410$b40$c20230222$lBLL01$h0833
=LKR  \\$aPAR$b017365744$lBLL01$r7870$mEnvironmental epidemiology$nEpidemiology
=MNI  \\$a2474-7882
=TOC  \\$aETOC
=UNO  \\$aY

