=LDR  02210cas a2200613 i 4500
=001  018660254
=003  Uk
=005  20210821102538.0
=006  m\\\\\|\\d\|\\\\\\
=007  cr\|||||||||||
=008  171229c20179999xxubr\p\o\\\\\0\\\a0eng\\
=015  \\$aGBB824501$2bnb
=022  \\$y2572-9241
=037  \\$aISSN_25729241$bPortico$nLippincott Williams & Wilkins
=040  \\$aUk$beng$cUk$erda
=042  \\$aukblsr
=082  04$a616.15005$223
=245  00$aHemaSphere.
=264  \1$a[New York, New York?] :$bWolters Kluwer Health, Inc.,$c2017-
=300  \\$billustrations (black and white, and colour)
=310  \\$aBimonthly
=336  \\$atext$2rdacontent
=337  \\$acomputer$2rdamedia
=338  \\$aonline resource$2rdacarrier
=362  0\$aVolume 1, issue 1 (December 2017)-
=500  \\$aTitle from journal homepage (LWW Journals, viewed February 1, 2018).
=540  \\$aCurrent copyright fee: zero$c20\0$5Uk
=650  \0$aHematology$vPeriodicals.
=710  2\$aEuropean Hematology Association.
=852  41$aBritish Library$bHMNTS$jELD Digital store$3Volume 1:Issue 1(2017)-
=856  \\$31850-9999$uhttp://journals.lww.com/pages/default.aspx$xBLDSS
=856  40$uhttps://journals.lww.com/hemasphere/pages/default.aspx
=859  \\$aELD$bejournal
=945  \\$aHemaSphere.
=979  \\$aBritish Library$bDSC$j4291.003500N
=985  \\$aISSN 2572-9241 still Work status - U.S. ISSN Center (Richard (Leeds), 01/02/18)
=CAT  \\$a10983$b40$c20171229$lBLL01$h1346
=CAT  \\$a10806$b40$c20180201$lBLL01$h1332
=CAT  \\$a10806$b40$c20180201$lBLL01$h1334
=CAT  \\$a10806$b40$c20180201$lBLL01$h1338
=CAT  \\$a5552$b40$c20180212$lBLL01$h0858
=CAT  \\$aBATCH-UPD$b40$c20180214$lBLL01$h0104
=CAT  \\$aBLDSS-3PM$b00$c20180226$lBLL01$h1340
=CAT  \\$aBATCH-UPD$b00$c20180226$lBLL01$h1350
=CAT  \\$a10983$b40$c20180324$lBLL01$h0844
=CAT  \\$a10983$b40$c20210821$lBLL01$h1025
=CFI  0\$aCurrent copyright fee: zero$c20\0$e12-feb-2018$fGBP0.00$g0$hP$5Uk
=FFP  \\$aY$bBLDSS-3PM
=FIN  \\$aY$d20180201
=FMT  \\$a  SE
=LAS  \\$a10983$b40$c20210821$lBLL01$h1025
=MNI  \\$a2572-9241
=TOC  \\$aETOC
=UNO  \\$aY

