=LDR  01241cas a2200361 i 4500
=001  018697038
=003  Uk
=005  20181026151504.0
=007  ta
=008  180126c20189999ie\ar\p\\\\\\\0\\\a0eng\\
=015  \\$aGBB819378$2bnb
=022  \\$a2565-5434
=040  \\$aUk$beng$cUk$erda
=042  \\$aukblsr
=082  04$a941.86$223
=245  00$aUnder Crimblin Hill :$bhistorical journal of Dunkerrin Parish History Society.
=264  \1$a[Dunkerrin] :$bDunkerrin Parish History Society,$c2017-
=300  \\$billustrations (black and white), maps (black and white) ;$c24 cm
=310  \\$aAnnual
=336  \\$atext$2rdacontent
=337  \\$aunmediated$2rdamedia
=338  \\$avolume$2rdacarrier
=362  0\$aVolume 1 (2018)-
=651  \0$aDunkerrin (Ireland)$xHistory$vPeriodicals.
=651  \0$aDunkerrin (Ireland)$xFolklore$vPeriodicals.
=710  2\$aDunkerrin Parish History Society,$eissuing body.
=852  41$aBritish Library$bHMNTS$jZK.9.a.16090$3Volume 1 (2018)-
=985  \\$aWork record on ISSN Portal. Please add key title when validated.
=CAT  \\$a11205$b40$c20180126$lBLL01$h0909
=CAT  \\$a11315$b40$c20181026$lBLL01$h1515
=FIN  \\$aY$d20180126
=FMT  \\$a  SE
=LAS  \\$a11315$b40$c20181026$lBLL01$h1515

