=LDR  02130cas a2200553 i 4500
=001  018728352
=003  Uk
=005  20201113110607.0
=006  m\\\\\\\\d\|\\\\\\
=007  cr||||||||||||
=008  180205c20189999enkbr\p\o\\\\\0\\\a0eng\\
=015  \\$aGBC0F2862$2bnb
=022  0\$a2516-3507$202
=040  \\$aUk$beng$cUk$dUk$erda
=042  \\$aukblsr
=082  04$a610.5$223
=222  \0$aElectronic journal of general medicine
=245  00$aElectronic journal of general medicine.
=246  17$aElectron. j. gen. med.
=246  13$aEJGM
=264  \1$aLondon :$bModestum,$c2018-
=300  \\$billustrations (colour)
=310  \\$aBimonthly
=336  \\$atext$2rdacontent
=337  \\$acomputer$2rdamedia
=338  \\$aonline resource$2rdacarrier
=362  0\$aVolume 15, issue 2 (April 2018)-
=500  \\$aTitle from journal home page (publisher's website, viewed October 6, 2020).
=580  \\$aIncludes issues of earlier title: European journal of general medicine.
=588  \\$aLatest issue consulted: volume 17, issue 6 (December 2020) (viewed October 6, 2020).
=650  \0$aMedicine$vPeriodicals.
=780  00$tEuropean journal of general medicine$x1304-3897
=852  41$aBritish Library$bHMNTS$jELD Digital store$3Volume 15:Issue 2(2018:Apr.)-
=856  40$uhttp://www.ejgm.co.uk/$xOA-J
=859  \\$aELD$bejournal
=985  \\$aWFH record (CS) 2020
=985  \\$aISSN Description based on: 2/2018 vol. 15; title from journal home page, viewed February 8 2018.
=985  \\$aISSN UK Centre note: ROAD OA
=CAT  \\$a11313$b40$c20180205$lBLL01$h1323
=CAT  \\$a11313$b40$c20180208$lBLL01$h1619
=CAT  \\$a11313$b40$c20180208$lBLL01$h1621
=CAT  \\$a8124$b40$c20201006$lBLL01$h0841
=CAT  \\$a8124$b40$c20201111$lBLL01$h1127
=CAT  \\$a8124$b40$c20201113$lBLL01$h1106
=FIN  \\$aY$d20180208
=FMT  \\$a  SE
=LAS  \\$a8124$b40$c20201113$lBLL01$h1106
=LET  \0$aElectronic journal of general medicine (Electronic)
=LKR  \\$aPAR$b020008409$lBLL01$r78010$mElectronic journal of general medicine (Online)$nEuropean journal of general medicine (Online)

