=LDR  02468cas a2200661 i 4500
=001  018736270
=003  Uk
=005  20200820131639.0
=006  m\\\\\|\\d\|\\\\\\
=007  cr\|||||||||||
=008  180207c19969999enkqr\p\o\\\\\0\\\a0eng\\
=022  \\$a2092-6413
=037  \\$a???$bSpringer
=040  \\$aUk$beng$cUk$erda
=042  \\$aukblsr
=082  04$a610.724$223
=210  0\$aExp. mol. medicine$b(Online)
=222  \0$aExperimental and molecular medicine$b(Online)
=245  00$aExperimental & molecular medicine
=246  3\$aExperimental and molecular medicine
=246  3\$aEMM
=260  \\$aSeoul :$bKorean Society of Medical Biochemistry and Molecular Biology
=264  31$a[London] :$bSpringer Nature
=310  \\$aQuarterly
=336  \\$atext$2rdacontent
=337  \\$acomputer$2rdamedia
=338  \\$aonline resource$2rdacarrier
=362  1\$aPrint began with vol. 28, no. 1 (Mar. 31, 1996).
=540  \\$aCurrent copyright fee: zero$c16\0$5Uk
=588  \\$aDescription based on print version record.
=588  \\$aLatest issue consulted: 50, e460 (2018) (Springer Nature, viewed March 28, 2018).
=650  \0$aClinical biochemistry$vPeriodicals.
=650  \0$aMolecular biology$vPeriodicals.
=776  0\$iAlso issued online as:$tExperimental & molecular medicine$x1226-3613
=852  41$aBritish Library$bHMNTS$jELD Digital store
=856  \\$31850-9999$uhttp://www.nature.com/$xBLDSS
=856  40$uhttp://www.nature.com/emm/$xOA-J
=859  \\$aELD$bejournal
=945  \\$aExperimental and molecular medicine
=979  \\$aBritish Library$bDSC$j3838.690000
=985  \\$aISSN UK Centre note: ROAD OA
=CAT  \\$a9667$b40$c20180207$lBLL01$h1058
=CAT  \\$a5997$b40$c20180328$lBLL01$h1407
=CAT  \\$a5997$b40$c20180328$lBLL01$h1411
=CAT  \\$a8055$b40$c20200804$lBLL01$h1418
=CAT  \\$a8055$b40$c20200804$lBLL01$h1424
=CAT  \\$aBATCH-UNOA$c20200804$lBLL01$h2120
=CAT  \\$aBLDSS-3PM$b00$c20200811$lBLL01$h1141
=CAT  \\$aBATCH-UPD$b00$c20200811$lBLL01$h1142
=CAT  \\$a5410$b40$c20200820$lBLL01$h1316
=CFI  0\$aCurrent copyright fee: zero$c16\0$e04-aug-2020$fGBP0.00$g0$hP$5Uk
=FFP  \\$aY$bBLDSS-3PM
=FIN  \\$aY$d20180328
=FMT  \\$a  SE
=LAS  \\$a5410$b40$c20200820$lBLL01$h1316
=LKR  \\$aPAR$b008524369$lBLL01$nExperimental & molecular medicine (Print)$mExperimental & molecular medicine (Online)$r776
=MNI  \\$a1226-3613
=UNO  \\$aY

