=LDR  02122cas a2200553 i 4500
=001  018822449
=003  Uk
=005  20230223164541.0
=007  ta
=008  171115c20179999sz\ar\p\a\b\\\0\\\a0eng\c
=010  \\$a  2018262015
=022  \\$a2571-5070$l2571-5070$240
=035  \\$a(OCoLC)1011627308
=040  \\$aYDX$beng$cYDX$dFXM$dSTF$dOCLCF$dCGU$dUk$erda
=042  \\$aukblsr
=050  \4$aCR1$b.E425
=082  04$a929.9$223
=130  0\$aEmblematica (Geneva, Switzerland)
=210  0\$aEmblematica.
=222  \0$aEmblematica$b(Geneva)
=245  10$aEmblematica :$bessays in word and image.
=246  30$aEssays in word and image
=264  \1$aGeneva :$bDroz,$c2017-
=300  \\$billustrations (black and white) ;$c23 cm
=310  \\$aAnnual
=336  \\$atext$2rdacontent
=337  \\$aunmediated$2rdamedia
=338  \\$avolume$2rdacarrier
=362  1\$aBegan with volume 1 (2017).
=500  \\$aNew publication follows former, Emblematica : an interdisciplinary journal for emblem studies.
=504  \\$aIncludes bibliographical references.
=588  \\$aDescription based on: Volume 1 (2017) ; title from title page.
=588  \\$aLatest issue consulted: Volume 1 (2017).
=650  \0$aEmblems$vPeriodicals.
=650  \7$aEmblems.$2fast$0(OCoLC)fst00908357
=655  \7$aPeriodicals.$2fast$0(OCoLC)fst01411641
=655  \7$aSerial publications.$2fast$0(OCoLC)fst01919968
=780  00$tEmblematica$x0885-968X
=852  \\$aBritish Library$bHMNTS$jZA.9.a.4863$3v. 1 (2017)-
=985  \\$aCataloguers note: decision to create new catalogue record in line with ISSN records and OCLC catalogue record. Publisher treating title as 'new' publication rather than just a change of publisher.
=985  \\$aUpdated by MS generated file for WR2302-017
=CAT  \\$a10973$b40$c20180404$lBLL01$h1142
=CAT  \\$a10973$b40$c20180404$lBLL01$h1153
=CAT  \\$aW2302-0174$c20230223$lBLL01$h2021
=FIN  \\$aY$d20180404
=FMT  \\$a  SE
=LAS  \\$aW2302-0174$b00$c20230223$lBLL01$h2021
=LKR  \\$aPAR$b010643027$lBLL01$r78000$mEmblematica (Geneva)$nEmblematica
=SRC  \\$aBLL02

