=LDR  02679cas a2200649 i 4500
=001  018826759
=003  Uk
=005  20210312072102.0
=006  m\\\\\|\\d\|\\\\\\
=007  cr||||||||||||
=008  180409c20119999ii\fr\p\o\\\\\0\\\a0eng\\
=015  \\$aGBB8F0236$2bnb
=022  \\$a2320-2076
=037  \\$aaad$bSage (UK) Ltd
=040  \\$aUk$beng$cUk$dUk$erda
=042  \\$aukblsr
=082  04$a617.6$223
=210  0\$aJ. adv. oral res.$b(Online)
=222  \0$aJournal of advanced oral research$b(Online)
=245  00$aJournal of advanced oral research.
=246  13$aJ. Adv Oral Research
=246  3\$aJoAOR
=264  \1$aAhmedabad, India :$bAcademy of Advanced Dental Research
=264  31$a[New Delhi] :$bSAGE Publications,$c2011-
=300  \\$billustrations (colour)
=310  \\$aSemiannual
=336  \\$atext$2rdacontent
=337  \\$acomputer$2rdamedia
=338  \\$aonline resource$2rdacarrier
=362  0\$aVol 2, issue 3 (Oct/Dec 2011)-
=500  \\$aTitle from PDF running title (publisher's Web site, viewed December 11, 2018).
=550  \\$a"Published in association with Academy of Advanced Dental Research."
=588  \\$aLatest issue consulted: volume 12, issue 1 (May 2021) (Sage Journals, viewed March 12, 2021).
=650  \0$aDentistry$xResearch$vPeriodicals.
=650  \0$aOral medicine$xResearch$vPeriodicals.
=710  2\$aAcademy of Advanced Dental Research,$eissuing body.
=780  00$tJournal of Academy of Advanced Dental Research
=852  41$aBritish Library$bHMNTS$jELD Digital store$3Volume 4:Issue 1(2013)-
=856  40$uhttp://journals.sagepub.com/home/aada
=859  \\$aELD$bejournal
=985  \\$aStart date orignally catalogued as Volume 1, issue 1 (2010) from journal homepage, but in the light of running title source, I've changed start date to Vol 2, issue 3 (Oct-Dec 2011) and 780 added.
=985  \\$aStates "Online first" on list of issues, but print ISSN 2320-2068 is provisional and print version does not appear to have been published (RCB, 12/3/21)
=CAT  \\$a14412$b40$c20180409$lBLL01$h1225
=CAT  \\$a14412$b40$c20180409$lBLL01$h1226
=CAT  \\$a14412$b40$c20180409$lBLL01$h1234
=CAT  \\$a5110$b40$c20180815$lBLL01$h1047
=CAT  \\$a11205$b40$c20180913$lBLL01$h1403
=CAT  \\$a3072$b40$c20181211$lBLL01$h1431
=CAT  \\$a3072$b40$c20181211$lBLL01$h1523
=CAT  \\$a3072$b40$c20181211$lBLL01$h1526
=CAT  \\$a10983$b40$c20181217$lBLL01$h0932
=CAT  \\$a8871$b40$c20190104$lBLL01$h0738
=CAT  \\$a8323$b40$c20210312$lBLL01$h0721
=FIN  \\$aY$d20180813
=FMT  \\$a  SE
=LAS  \\$a8323$b40$c20210312$lBLL01$h0721
=MNI  \\$a2320-2068

