=LDR  02629cas a2200625 i 4500
=001  018827319
=003  Uk
=005  20221231145446.0
=007  ta
=008  180410c20189999weaqr\p\\\\\\\0\\\a0eng\\
=022  \\$y2209-119X
=040  \\$aUk$beng$cUk$erda
=042  \\$aukblsr
=082  04$a615.32105$223
=245  00$aAustralian journal of herbal and naturopathic medicine.
=246  30$aAJHNM
=264  \1$aOsborne Park, WA :$bCambridge Media,$c2018-
=300  \\$billustrations (black and white, and colour) ;$c28 cm
=310  \\$aQuarterly
=336  \\$atext$2rdacontent
=337  \\$aunmediated$2rdamedia
=338  \\$avolume$2rdacarrier
=362  0\$aVolume 30, issue 1 (2018)-
=530  \\$aIssued also online.
=540  \\$aCurrent Copyright Fee: GBP25.00$c0$5Uk
=550  \\$a"A publication of the NHAA."
=650  \0$aHerbs$xTherapeutic use$vPeriodicals.
=650  \0$aHerbs$xTherapeutic use$zAustralia$vPeriodicals.
=650  \0$aAlternative medicine$vPeriodicals.
=650  \0$aAlternative medicine$zAustralia$vPeriodicals.
=710  2\$aNational Herbalists Association of Australia.
=780  00$tAustralian journal of herbal medicine$x2200-3886
=852  \\$aBritish Library$bDSC$j1808.377000$3Vol. 30 (2018)-v. 34 (2022)
=945  \\$aAustralian journal of herbal and naturopathic medicine
=959  \\$fHeld but not currently received
=985  \\$aFree records on ISSN portal for both print (ISSN 2209-119X) and online (ISSN 2209-1203) versions. Please amend 022 and add 222 and 776 fields when validated.
=ACF  \\$aPrevious Copyright Fee: GBP17.50$c0$e03-may-2018$fGBP17.50$g0$hA$5Uk
=ACF  \\$aPrevious Copyright Fee: GBP20.00$c0$e01-jan-2020$fGBP20.00$g0$hA$5Uk
=CAT  \\$a11205$b40$c20180410$lBLL01$h1652
=CAT  \\$a8439$b40$c20180503$lBLL01$h1049
=CAT  \\$aBATCH-CLA$b00$c20191219$lBLL01$h1805
=CAT  \\$aIPL-CLA$c20191231$lBLL01$h2045
=CAT  \\$aR2001-1524$c20200127$lBLL01$h2110
=CAT  \\$aBATCH-CLA$b00$c20201204$lBLL01$h1617
=CAT  \\$aIPL-CLA$c20201231$lBLL01$h1534
=CAT  \\$a6558$b40$c20220523$lBLL01$h1129
=CAT  \\$aBATCH-CLA$b00$c20221221$lBLL01$h1935
=CAT  \\$aIPL-CLA$c20221231$lBLL01$h1454
=CFI  0\$aCurrent Copyright Fee: GBP25.00$c0$e01-jan-2023$fGBP25.00$g0$hA$5Uk
=CFI  2\$aPrevious Copyright Fee: GBP22.50$c0$e01-jan-2021$fGBP22.50$g0$hA$5Uk
=FIN  \\$aY$d20180410
=FMT  \\$a  SE
=LAS  \\$aIPL-CLA$b00$c20221231$lBLL01$h1454
=LKR  \\$aPAR$b016442863$lBLL01$nAustralian journal of herbal medicine$mAustralian journal of herbal and naturopathic medicine$r78000
=TOC  \\$aETOC

