=LDR  02463cas a2200577 i 4500
=001  018836325
=003  Uk
=005  20230210011416.0
=007  ta
=008  180416c20169999enkgr\\\\r\\\\0\\\a0eng\\
=015  \\$aGBB871036$2bnb
=022  0\$y0260-9517
=040  \\$aUk$beng$cUk$erda
=042  \\$aukblsr
=082  04$a338.702542618$223
=245  00$aGreat Yarmouth business directory.
=264  \1$aDownham Market, Norfolk, United Kingdom :$bCompass Handbooks Limited,$c[2016]-
=300  \\$billustrations (black and white, and colour) ;$c30 cm
=310  \\$aBiennial
=336  \\$atext$2rdacontent
=337  \\$aunmediated$2rdamedia
=338  \\$avolume$2rdacarrier
=362  0\$a2016/2017-
=540  \\$aCurrent Copyright Fee: GBP25.00$c0$5Uk
=550  \\$a"Published in association with Great Yarmouth Borough Council."
=650  \0$aBusiness enterprises$zEngland$zGreat Yarmouth$vDirectories.
=690  7\$aManagement and Business Studies$2blcoll
=710  1\$aGreat Yarmouth (England).$bBorough Council.
=780  00$tGreat Yarmouth industry handbook & business directory
=852  41$aBritish Library$bHMNTS$jZK.9.b.36112$32016/2017-(2018/2019)
=985  \\$aISSN UK Centre note: ISSN 0260-9517=Great Yarmouth port and industry handbook, latest received 2003/2004. New ISSN not assigned, title over the past 4 issues unstable.
=ACF  \\$aPrevious Copyright Fee: GBP17.50$c0$e01-jul-2018$fGBP17.50$g0$hC$5Uk
=ACF  \\$aPrevious Copyright Fee: GBP20.00$c0$e01-jan-2020$fGBP20.00$g0$hC$5Uk
=ACF  \\$aPrevious Copyright Fee: GBP22.50$c0$e01-jan-2021$fGBP22.50$g0$hC$5Uk
=CAT  \\$a11205$b40$c20180416$lBLL01$h1050
=CAT  \\$aBATCH-MBS$c20180420$lBLL01$h2119
=CAT  \\$aBATCH-CLA$b00$c20180531$lBLL01$h1638
=CAT  \\$aIPL-CLA$c20180630$lBLL01$h1947
=CAT  \\$aBATCH-CLA$b00$c20191129$lBLL01$h1631
=CAT  \\$aIPL-CLA$c20191231$lBLL01$h2045
=CAT  \\$aBATCH-CLA$b00$c20201126$lBLL01$h1422
=CAT  \\$aIPL-CLA$c20201231$lBLL01$h2350
=CAT  \\$aBATCH-CLA$b00$c20221130$lBLL01$h1501
=CAT  \\$aIPL-CLA$c20221231$lBLL01$h2344
=CAT  \\$aBATCH-CLA$b00$c20230209$lBLL01$h1548
=CAT  \\$aIPL-CLA$c20230210$lBLL01$h0114
=CFI  0\$aCurrent Copyright Fee: GBP25.00$c0$e09-feb-2023$fGBP25.00$g0$hC$5Uk
=CFI  2\$aBritish Library not licensed to copy$c0$e01-jan-2023$hC$iCFP Excluded$5Uk
=FIN  \\$aY$d20180416
=FMT  \\$a  SE
=LAS  \\$aIPL-CLA$b00$c20230210$lBLL01$h0114

