=LDR  01860cas a2200469 i 4500
=001  018840110
=003  Uk
=005  20200130143152.0
=007  ta
=008  180419c20169999tu\fr\p\\\\\\\0\\\a0eng\\
=022  \\$y2458-956X
=040  \\$aUk$beng$cUk$erda
=042  \\$aukblsr
=082  04$a052$223
=245  00$a212.
=264  \1$aIstanbul, Turkey :$b212 Studio,$c2016-
=300  \\$billustrations (black and white, and colour) ;$c38 cm
=310  \\$aSemiannual
=336  \\$atext$2rdacontent
=336  \\$astill image$2rdacontent
=337  \\$aunmediated$2rdamedia
=338  \\$avolume$2rdacarrier
=362  0\$aIssue 1 (spring/summer 2016)-
=500  \\$aIssues have also thematic titles.
=588  \\$aLatest issue consulted: issue 6 (autumn/winter 2018).
=650  \0$aCulture$vPeriodicals.
=650  \0$aFashion$vPeriodicals.
=650  \0$aPopular culture$vPeriodicals.
=650  \0$aArts$vPeriodicals.
=650  \0$aPhotography$vPeriodicals.
=651  \0$aTurkey$xCivilization$vPeriodicals.
=775  08$iIssued also in Turkish as:$t212$x2458-956X
=852  41$aBritish Library$bHMNTS$jZC.9.d.676$3Issue 1 (spring/summer 2016)-
=985  \\$aISSN UK Centre note (see email correspondence in the Centre): ISSN application received August 2017 for English edition, but issues received have Turkish imprint, distributed in the UK by: WhiteCirc, London,. Several attempts to contact ISSN Turkey (to assign) have failed, therefore decision taken to catalogue and await receipt of an issue with a UK imprint.
=CAT  \\$a11205$b40$c20180419$lBLL01$h1051
=CAT  \\$a11205$b40$c20180419$lBLL01$h1053
=CAT  \\$a11205$b40$c20180419$lBLL01$h1055
=CAT  \\$a11205$b40$c20190122$lBLL01$h1039
=CAT  \\$a11205$b40$c20200130$lBLL01$h1431
=FIN  \\$aY$d20180419
=FMT  \\$a  SE
=LAS  \\$a11205$b40$c20200130$lBLL01$h1431

