=LDR  01814 as a2200493 i 4500
=001  018848875
=003  Uk
=005  20201118112311.0
=007  ta
=008  180427c20189999at\qr\p\\\\\\\0\\\a0eng\\
=022  \\$a2209-1084
=040  \\$aUk$beng$cUk$erda
=042  \\$aukblsr
=082  04$a617.90231$223
=245  00$aJournal of perioperative nursing.
=264  \1$aLyndoch, SA :$bACORN,$c2018-
=300  \\$billustrations (colour) ;$c30 cm
=310  \\$aQuarterly
=336  \\$atext$2rdacontent
=337  \\$aunmediated$2rdamedia
=338  \\$avolume$2rdacarrier
=362  0\$aVolume 31, number 1 (autumn 2018)-
=530  \\$aAlso issued online.
=540  \\$aBritish Library not licensed to copy$c0$5Uk
=650  \0$aOperating room nursing$vPeriodicals.
=650  \0$aOperating room nursing$zAustralia$vPeriodicals.
=710  2\$aAustralian College of Operating Room Nurses,$eissuing body.
=780  00$tACORN$x1448-7535
=852  \\$aBritish Library$bDSC$j5030.740000$3Vol. 31 (autumn 2018)-v. 33, no. 2 (2020)
=945  \\$aJournal of perioperative nursing
=959  \\$aHeld but not currently received
=985  \\$aISSN 2209-1084 not yet completed by ISSN AUS - Scan sent to AUS (Richard, 27/04/18)
=CAT  \\$a10806$b40$c20180427$lBLL01$h1146
=CAT  \\$a10806$b40$c20180427$lBLL01$h1148
=CAT  \\$a10806$b40$c20180430$lBLL01$h1139
=CAT  \\$a8439$b40$c20180502$lBLL01$h1134
=CAT  \\$a6558$b40$c20201118$lBLL01$h1122
=CAT  \\$a6558$b40$c20201118$lBLL01$h1123
=CFI  0\$aBritish Library not licensed to copy$c0$e02-may-2018$hC$iTX$5Uk
=FIN  \\$aY$d20180427
=FMT  \\$a  SE
=LAS  \\$a6558$b40$c20201118$lBLL01$h1123
=LKR  \\$aPAR$b009184154$lBLL01$r78000$mJournal of perioperative nursing.$nACORN (O'Halloran Hill, S. Aust. )
=TOC  \\$aETOC

