=LDR  02339cas a2200601 i 4500
=001  018850899
=003  Uk
=005  20221231145447.0
=007  ta
=008  180430c20179999ja\tr\p\\\\\\\0\\\a0eng\\
=022  \\$y2433-4405
=040  \\$aUk$beng$cUk$erda
=042  \\$aukblsr
=082  04$a327.05$223
=130  0\$aJapan review (Tokyo, Japan)
=245  10$aJapan review /$cThe Japan Institute of International Affairs.
=264  \1$aTokyo, Japan :$bThe Japan Institute of International Affairs,$c[2017]-
=300  \\$c30 cm
=310  \\$aThree times a year
=336  \\$atext$2rdacontent
=337  \\$aunmediated$2rdamedia
=338  \\$avolume$2rdacarrier
=362  0\$aBegan with volume 1, number 1 (fall 2017).
=500  \\$aIssues also have thematic titles.
=540  \\$aCurrent Copyright Fee: GBP25.00$c0$5Uk
=588  \\$aDescription based on: volume 1, number 2 (winter 2017).
=650  \0$aInternational relations$vPeriodicals.
=651  \0$aJapan$xForeign relations$vPeriodicals.
=710  2\$aNihon Kokusai Mondai Kenkyūjo,$eissuing body.
=852  41$aBritish Library$bDSC$j4648.774000$3Vol. 1, no. 2 (2017)-
=945  \\$aJapan review
=959  \\$fCurrently received
=985  \\$aISSN quoted = free (Japan) on portal. Please amend 022 and add 222 when validated.
=ACF  \\$aPrevious copyright fee: GBP17.50$c0$e01-may-2018$fGBP17.50$g0$hA$5Uk
=ACF  \\$aPrevious Copyright Fee: GBP20.00$c0$e01-jan-2020$fGBP20.00$g0$hA$5Uk
=CAT  \\$a11205$b40$c20180430$lBLL01$h0858
=CAT  \\$a11385$b40$c20180501$lBLL01$h1100
=CAT  \\$a5410$b40$c20180510$lBLL01$h1503
=CAT  \\$aBATCH-CLA$b00$c20191219$lBLL01$h1805
=CAT  \\$aIPL-CLA$c20191231$lBLL01$h2045
=CAT  \\$aR2001-1524$c20200127$lBLL01$h2110
=CAT  \\$aBATCH-CLA$b00$c20201204$lBLL01$h1617
=CAT  \\$aIPL-CLA$c20201231$lBLL01$h1534
=CAT  \\$a11385$b40$c20220426$lBLL01$h1400
=CAT  \\$a11385$b40$c20221215$lBLL01$h0827
=CAT  \\$aBATCH-CLA$b00$c20221221$lBLL01$h1935
=CAT  \\$aIPL-CLA$c20221231$lBLL01$h1454
=CFI  0\$aCurrent Copyright Fee: GBP25.00$c0$e01-jan-2023$fGBP25.00$g0$hA$5Uk
=CFI  2\$aPrevious Copyright Fee: GBP22.50$c0$e01-jan-2021$fGBP22.50$g0$hA$5Uk
=FIN  \\$aY$d20180430
=FMT  \\$a  SE
=LAS  \\$aIPL-CLA$b00$c20221231$lBLL01$h1454
=TOC  \\$aETOC

