=LDR  03463cas a2200805 i 4500
=001  018872737
=003  Uk
=005  20221231145448.0
=006  m\\\\\|\\d\|\\\\\\
=007  cr\|||||||||||
=008  180519c20179999pauqr\p\o\\\\\0\\\a0eng\\
=022  \\$a2472-5587
=037  \\$aISSN_24725579$bPortico$nTaylor & Francis
=040  \\$aUk$beng$cUk$erda
=042  \\$aukblsr
=082  04$a610.28$223
=245  00$aIISE transactions on healthcare systems engineering.
=246  3\$aInstitute of Industrial and Systems Engineers transactions on healthcare systems engineering
=264  \1$aPhiladelphia, PA :$bTaylor & Francis,$c2017-
=310  \\$aQuarterly
=336  \\$atext$2rdacontent
=337  \\$acomputer$2rdamedia
=338  \\$aonline resource$2rdacarrier
=362  0\$aVolume 7, issue 1 (2017)-
=500  \\$aTitle from PDF article (Taylor & Francis Online, viewed May 24, 2018).
=540  \\$aCurrent copyright fee: GBP43.00$c2\0$5Uk
=650  \0$aBiomedical engineering$vPeriodicals.
=650  \0$aMedical informatics$vPeriodicals.
=650  \0$aMedical care$vPeriodicals.
=710  2\$aInstitute of Industrial and Systems Engineers,$eissuing body.
=780  00$tIIE transactions on healthcare systems engineering$x1948-8319
=852  41$aBritish Library$bHMNTS$jELD Digital store$3Volume 7:Issue 1(2017)-
=856  \\$31850-9999$uhttp://www.tandfonline.com/$xBLDSS
=856  40$uhttps://www.tandfonline.com/toc/uhse21/current
=859  \\$aELD$bejournal
=945  \\$aIISE transactions on healthcare systems engineering
=959  \\$fHeld but not currently received
=979  \\$aBritish Library$bDSC$j4363.845850N
=985  \\$aISSN 2472-5587 not yet confirmed by U.S. ISSN Center - please add 222 when confirmed (24/05/18)
=ACF  \\$aPrevious copyright fee: GBP32.00$c2\0$e26-sep-2019$fGBP32.00$g0$hP$5Uk
=ACF  \\$aPrevious copyright fee: GBP37.00$c2\0$e08-oct-2019$fGBP37.00$g0$hP$5Uk
=ACF  \\$aPrevious copyright fee: GBP39.00$c2\0$e01-jan-2020$fGBP39.00$g0$hP$5Uk
=CAT  \\$a10983$b40$c20180519$lBLL01$h0950
=CAT  \\$a10806$b40$c20180524$lBLL01$h0909
=CAT  \\$a10806$b40$c20180524$lBLL01$h0915
=CAT  \\$a12654$b40$c20190926$lBLL01$h0839
=CAT  \\$a12654$b40$c20190926$lBLL01$h0840
=CAT  \\$a12654$b40$c20190926$lBLL01$h0841
=CAT  \\$a12654$b40$c20191008$lBLL01$h1034
=CAT  \\$aBLDSS-3PM$b00$c20191011$lBLL01$h0917
=CAT  \\$aBATCH-UPD$b00$c20191011$lBLL01$h0918
=CAT  \\$a12654$b40$c20191014$lBLL01$h0858
=CAT  \\$aBATCH-UPD$b40$c20191122$lBLL01$h1908
=CAT  \\$aIPL-CLA$c20191231$lBLL01$h2045
=CAT  \\$a5552$b40$c20200312$lBLL01$h1541
=CAT  \\$a5410$b40$c20200316$lBLL01$h1157
=CAT  \\$a5410$b40$c20200318$lBLL01$h1045
=CAT  \\$aBATCH-UPD$b40$c20201118$lBLL01$h1342
=CAT  \\$aIPL-CLA$c20201231$lBLL01$h1534
=CAT  \\$aBATCH-UPD$b00$c20221121$lBLL01$h1341
=CAT  \\$aIPL-CLA$c20221231$lBLL01$h1454
=CFI  0\$aCurrent copyright fee: GBP43.00$c2\0$e01-jan-2023$fGBP43.00$g0$hP$5Uk
=CFI  2\$aPrevious copyright fee: GBP41.00$c2\0$e01-jan-2021$fGBP41.00$g0$hP$5Uk
=FFP  \\$aY$bBLDSS-3PM
=FIN  \\$aY$d20180524
=FMT  \\$a  SE
=LAS  \\$aIPL-CLA$b00$c20221231$lBLL01$h1454
=LKR  \\$aPAR$b017714119$lBLL01$r78000$mIISE transactions on healthcare systems engineering.$nIIE transactions on healthcare systems engineering (Online)
=MNI  \\$a2472-5579
=TOC  \\$aETOC

