=LDR  02839 as a2200733 a 4500
=001  018886357
=003  Uk
=005  20181218082738.0
=006  m\\\\\\\\d\\\\\\\\
=007  cr\|||||||||||
=008  110811c20119999enk\x\poo\\\\\0\\\a0eng\c
=010  \\$a  2012256065
=015  \\$aGBB8A4875$2bnb
=016  7\$a101575310$2DNLM
=022  \\$a2001-0001$l2001-0001
=035  \\$a(OCoLC)746360096
=037  \\$aISSN_20010001_21$bPortico$nTaylor & Francis
=040  \\$aCSmarS$beng$cCSmarS$dOCoLC$dRPB$dDNLM$dUk
=042  \\$aukblsr
=050  14$aQH529
=060  10$aW1
=082  04$a618.97005$223
=222  \0$aPathology of aging & age-related diseases
=245  00$aPathobiology of aging & age related diseases$h[electronic resource].
=246  3\$aPathobiology of aging and age related diseases
=246  13$aPBA
=260  \\$aSweden :$bCo-Action Pub.,$c[2011]-
=264  \1$a[Abingdon] :$bInforma UK Limited, trading as Taylor & Francis Group
=336  \\$atext$2rdacontent
=337  \\$acomputer$2rdamedia
=338  \\$aonline resource$2rdacarrier
=362  1\$aBegan with Vol. 1 (2011).
=540  \\$aCurrent copyright fee: zero$c2\0$5Uk
=588  \\$aDescription based on: Vol. 1 (2011), viewed Mar. 20, 2012; title from journal home page.
=588  \\$aLatest issue consulted: volume 8, issue 1 (2018); Taylor & Francis Online, viewed June 8, 2018.
=650  \0$aAging$xPhysiological aspects$vPeriodicals.
=650  \0$aOlder people$xDiseases$vPeriodicals.
=650  12$aAging$vPeriodicals.
=655  \4$aElectronic journals$xSciences.
=655  \4$aElectronic journals$xMedicine.
=655  \4$aElectronic journals$xBiology.
=852  41$aBritish Library$bHMNTS$jELD Digital store$3Volume 6:Issue 1(2016)-Volume 9:Issue 1(2019)
=856  \\$31850-9999$uhttp://www.tandfonline.com/$xBLDSS
=856  40$uhttp://www.pathobiologyofaging.net/index.php/pba
=856  40$uhttps://www.tandfonline.com/toc/zpba20/current
=859  \\$aELD$bejournal
=945  \\$aPathobiology of aging and age related diseases.
=979  \\$aBritish Library$bDSC$j6412.739000N
=985  \\$aISSN UK Centre note: Incorrect key title; to contact ISSN Sweden, June 2018.
=CAT  \\$a10983$b40$c20180602$lBLL01$h0907
=CAT  \\$a11205$b40$c20180608$lBLL01$h1111
=CAT  \\$a11205$b40$c20180608$lBLL01$h1355
=CAT  \\$a5552$b40$c20181218$lBLL01$h0827
=CAT  \\$aBLDSS-3PM$b00$c20190115$lBLL01$h1424
=CAT  \\$aBATCH-UPD$b00$c20190115$lBLL01$h1430
=CFI  0\$aCurrent copyright fee: zero$c2\0$e18-dec-2018$fGBP0.00$g0$hP$5Uk
=FFP  \\$aY$bBLDSS-3PM
=FIN  \\$aY$d20180608
=FMT  \\$a  SE
=LAS  \\$aBATCH-UPD$b00$c20190115$lBLL01$h1430
=LET  \0$aPathobiology of aging & age related diseases (Electronic)
=MNI  \\$a2001-0001
=SRC  \\$aBLL02
=TOC  \\$aETOC

