=LDR  01983cas a2200493 i 4500
=001  018914173
=003  Uk
=005  20180709132956.0
=007  ta
=008  180618c20189999pl\qr\p\\\\\\\0\\\a0eng\\
=022  \\$a2545-0255
=040  \\$aUk$beng$cUk$erda
=042  \\$aukblsr
=082  04$a597.05$223
=245  00$aFisheries & aquatic life /$cThe Stanisław Sakowicz Inland Fisheries Institute.
=246  3\$aFisheries and aquatic life
=264  \1$aOlsztyn :$bStanisław Sakowicz Inland Fisheries Institute,$c2018-
=300  \\$billustrations (black and white, and colour) ;$c27 cm
=310  \\$aQuarterly
=336  \\$atext$2rdacontent
=337  \\$aunmediated$2rdamedia
=338  \\$avolume$2rdacarrier
=362  0\$aVolume 26, fasc. 1 (2018)-
=650  \0$aFishery sciences$vPeriodicals.
=650  \0$aAquatic sciences$vPeriodicals.
=650  \0$aAquaculture$vPeriodicals.
=710  2\$aInstytut Rybactwa Śródlądowego im. Stanisława Sakowicza,$eissuing body.
=780  00$tArchives of Polish fisheries$x2083-6120
=852  \\$aBritish Library$bDSC$j3935.209005$3Vol. 26 no. 1 (2018)-
=945  \\$aFisheries and Aquatic Life
=985  \\$aWork records for this title on ISSN Portal. Please add key title when validated.
=985  \\$aOnline version, ISSN 2545-059X, not due to be launched until January 2019 --editorial. Please also add 776 field when validated. 18/6/2018 GH - Check in note added.
=CAT  \\$a11205$b40$c20180618$lBLL01$h1608
=CAT  \\$a11205$b40$c20180618$lBLL01$h1613
=CAT  \\$a11205$b40$c20180618$lBLL01$h1620
=CAT  \\$a11205$b40$c20180618$lBLL01$h1625
=CAT  \\$a5410$b40$c20180709$lBLL01$h1233
=CAT  \\$a3512$b40$c20180709$lBLL01$h1329
=CAT  \\$aBATCH-UPD$b40$c20220910$lBLL01$h0904
=FIN  \\$aY$d20180618
=FMT  \\$a  SE
=LAS  \\$aBATCH-UPD$b40$c20220910$lBLL01$h0904
=LKR  \\$aPAR$b016450093$lBLL01$nArchives of Polish fisheries$mFisheries & aquatic life$r78000
=TOC  \\$aETOC

