=LDR  02408cas a2200649 i 4500
=001  018971505
=003  Uk
=005  20191231204537.0
=006  m\\\\\|\\d\|\\\\\\
=007  cr\|||||||||||
=008  180710c20189999njuqr\p\o\\\\\0\\\a0eng\\
=015  \\$aGBB8D1468$2bnb
=022  \\$a2575-0356
=037  \\$aISSN_25750356$bPortico$nWiley
=040  \\$aUk$beng$cUk$erda
=042  \\$aukblsr
=082  04$a333.79$223
=245  00$aEnergy & environmental materials.
=246  3\$aEnergy and environmental materials
=246  13$aEEM
=264  \1$a[Hoboken, New Jersey?] :$bZhengzhou University in collaboration with John Wiley & Sons,$c2018-
=310  \\$aQuarterly
=336  \\$atext$2rdacontent
=337  \\$acomputer$2rdamedia
=338  \\$aonline resource$2rdacarrier
=362  0\$aVolume 1, issue 1 (March 2018)-
=500  \\$aTitle from PDF cover (Wiley Online Library, viewed July 11, 2018).
=540  \\$aCurrent Copyright Fee: zero$c35\0$5Uk
=650  \0$aPower resources$xEnvironmental aspects$vPeriodicals.
=650  \0$aRenewable energy sources$vPeriodicals.
=650  \0$aEnvironmental engineering$vPeriodicals.
=710  2\$aZhengzhou da xue,$eissuing body.
=852  41$aBritish Library$bHMNTS$jELD Digital store$3Volume 1:Issue 1(2018)-
=856  \\$31850-9999$uhttp://onlinelibrary.wiley.com/$xBLDSS
=856  40$uhttps://onlinelibrary.wiley.com/toc/25750356/current
=859  \\$aELD$bejournal
=945  \\$aEnergy and environmental materials.
=979  \\$aBritish Library$bDSC$j3747.511850N
=985  \\$aISSN still work record on ISSN Portal 11/7/18
=CAT  \\$a10983$b40$c20180710$lBLL01$h0849
=CAT  \\$a8124$b40$c20180711$lBLL01$h1506
=CAT  \\$a8124$b40$c20180711$lBLL01$h1520
=CAT  \\$a5552$b40$c20190613$lBLL01$h1335
=CAT  \\$aBLDSS-3PM$b00$c20190617$lBLL01$h1550
=CAT  \\$aBATCH-UPD$b00$c20190617$lBLL01$h1550
=CAT  \\$aR1911-0245$c20191127$lBLL01$h1037
=CAT  \\$aIPL-CLA$c20191231$lBLL01$h2045
=CFI  0\$aCurrent Copyright Fee: zero$c35\0$e01-jan-2020$fGBP0.00$g0$hP$5Uk
=CFI  2\$aPrevious copyright fee: GBP28.00$c35\0$e13-jun-2019$fGBP28.00$g0$hP$5Uk
=FFP  \\$aY$bBLDSS-3PM
=FIN  \\$aY$d20180711
=FMT  \\$a  SE
=LAS  \\$aIPL-CLA$b00$c20191231$lBLL01$h2045
=LET  \0$aEnergy & environmental materials (Electronic)
=MNI  \\$a2575-0356
=TOC  \\$aETOC
=UNO  \\$aY

