=LDR  01284cas a22003377i 4500
=001  018975594
=003  Uk
=005  20180712160231.0
=007  ta
=008  180712c20099999ii\fr\p\\\\\\\0\\\a0eng\\
=022  \\$a0975-7554
=040  \\$aUk$beng$cUk$erda
=222  \0$aJournal of resources, energy and development$b(New Delhi. Print)
=245  00$aJournal of resources, energy and development.
=246  30$aResources, energy and development
=246  13$aREaD
=264  \1$aNew Delhi :$bEnergy and Resources Institute,$c[2009]-
=300  \\$billustrations (black and white) ;$c24 cm
=310  \\$aSemiannual
=336  \\$atext$2rdacontent
=337  \\$aunmediated$2rdamedia
=338  \\$avolume$2rdacarrier
=588  \\$aDescription based on: volume 14, issue 1 (2017).
=730  0\$aResources, energy and development$x0973-0516.
=852  11$aBritish Library$bSTI$k(P)$h333.790954$m-E(1)
=985  \\$aBasic record created to accommodate DSC title change; minor title change but treated as major by Indian ISSN Centre.
=CAT  \\$a8323$b40$c20180712$lBLL01$h1602
=FIN  \\$aY$d20180712
=FMT  \\$a  SE
=LAS  \\$a8323$b40$c20180712$lBLL01$h1602
=LKR  \\$aPAR$b013350114$lBLL01$nResources, energy and development$mJournal of resources, energy and development$r78000

