=LDR  01927 as a2200529 i 4500
=001  019038894
=003  Uk
=005  20190307115743.0
=007  ta
=008  180904d20172018ne\br\p\\\\\\\0\\\a0eng\\
=040  \\$aUk$beng$cUk$dUk$erda
=042  \\$aukblsr
=082  04$a338.47621381$223
=130  0\$aElektor (Business edition).$lEnglish.
=245  10$aElektor :$bhomelab, startup, trade.
=246  17$aElektor business magazine
=250  \\$aBusiness edition.
=264  \1$aSusteren, The Netherlands :$bElektor International Media bv,$c2017-[2018]
=300  \\$a11 volumes :$billustrations (colour) ;$c28 cm
=310  \\$aBimonthly
=336  \\$atext$2rdacontent
=337  \\$aunmediated$2rdamedia
=338  \\$avolume$2rdacarrier
=362  0\$aEdition 2017/1 (March & April 2017)-
=362  1\$aCeased with edition 2018/5 (October 2018).
=500  \\$aIssued also in German.
=500  \\$aSubtitle varies.
=530  \\$aAlso issued online.
=650  \0$aElectronic industries$vPeriodicals.
=650  \0$aElectronic apparatus and appliances$vPeriodicals.
=690  7\$aManagement and Business Studies$2blcoll
=772  0\$tElektorlabs magazine. English$x2631-5319
=780  00$tElektor business$x2543-1269
=785  00$tElektor industry
=852  11$aBritish Library$bSTI$k(P)$h338.47621381$m-E (3)$3Ed. 1 (2017)-ed.5 (2018)
=985  \\$aNeeds ISSN from Netherlands - informed
=CAT  \\$a8124$b40$c20180904$lBLL01$h0941
=CAT  \\$a8124$b40$c20180904$lBLL01$h1001
=CAT  \\$a8124$b40$c20180904$lBLL01$h1003
=CAT  \\$a8124$b40$c20180919$lBLL01$h0841
=CAT  \\$a8323$b40$c20190307$lBLL01$h1154
=CAT  \\$a8323$b40$c20190307$lBLL01$h1157
=FIN  \\$aY$d20180904
=FMT  \\$a  SE
=LAS  \\$a8323$b40$c20190307$lBLL01$h1157
=LET  \0$aElektor (Business edition), English version
=LKR  \\$aPAR$b017799945$lBLL01$nElektor business$mElektor (Business edition)$r78000

