=LDR  02828cas a2200721 i 4500
=001  019085396
=003  Uk
=005  20191209111508.0
=006  m\\\\\o\\d\u\\\\\\
=007  cr\u||||||||||
=008  181029c20189999enkqr\p\o\\\\\0\\\a0eng\d
=022  \\$y2096-5958
=035  \\$a(OCoLC)1090195971
=037  \\$absa$bSage (UK) Ltd
=040  \\$aDKU$beng$cDKU$dOCLCO$dOCLCF$dUk$erda
=042  \\$aukblsr
=082  04$a616.8005$223
=245  00$aBrain science advances.
=246  30$aBSA
=264  \1$aLondon :$bSAGE Publications,$c2018-
=310  \\$aQuarterly
=336  \\$atext$2rdacontent
=337  \\$acomputer$2rdamedia
=338  \\$aonline resource$2rdacarrier
=362  0\$aVol. 4, no. 1 (2018)-
=538  \\$aMode of access: World Wide Web.
=540  \\$aCurrent copyright fee: zero$c19\0$5Uk
=550  \\$a"Published in Association with Tsinghua University Press."
=588  \\$aLatest issue consulted: volume 4, issue 2 (December 2018); title from table of contents page, SAGE journals viewed October 10, 2019.
=650  \0$aNeurosciences$vPeriodicals.
=650  \0$aMedical innovations$vPeriodicals.
=650  \7$aMedical innovations.$2fast$0(OCoLC)fst01014181
=650  \7$aNeurosciences.$2fast$0(OCoLC)fst01036509
=655  \7$aPeriodicals.$2fast$0(OCoLC)fst01411641
=710  2\$aQing hua da xue (Beijing, China).$bChu ban she.
=776  08$iAlso issued in print as:$tBrain science advances$x2096-5958
=780  00$tTranslational neuroscience and clinics$x2096-0670
=852  41$aBritish Library$bHMNTS$jELD Digital store$3Volume 1:Issue 1(2015)-
=856  40$31850-9999$uhttp://www.uk.sagepub.com/home.nav$xBLDSS
=856  41$uhttps://ezproxy.library.dal.ca/login?url=https://journals.sagepub.com/loi/bsa$zAccess restricted: DAL users only
=856  40$uhttps://journals.sagepub.com/toc/BSA/current
=859  \\$aELD$bejournal
=945  \\$aBrain Science Advances.
=979  \\$aBritish Library$bDSC$j2268.212000N
=985  \\$aPrint version ISSN responposibility of China. ISSN UK Centre to contact China re-assignment of online ISSN.
=CAT  \\$a11450$b40$c20181015$lBLL01$h1336
=CAT  \\$a5552$b40$c20190107$lBLL01$h1331
=CAT  \\$a5552$b40$c20190107$lBLL01$h1333
=CAT  \\$aBLDSS-3PM$b00$c20190115$lBLL01$h1425
=CAT  \\$aBATCH-UPD$b00$c20190115$lBLL01$h1430
=CAT  \\$a11205$b40$c20191010$lBLL01$h1459
=CAT  \\$a8871$b40$c20191114$lBLL01$h1032
=CAT  \\$a15190$b40$c20191209$lBLL01$h1115
=CFI  0\$aCurrent copyright fee: zero$c19\0$e07-jan-2019$fGBP0.00$g0$hP$5Uk
=FFP  \\$aY$bBLDSS-3PM
=FIN  \\$aY$d20191010
=FMT  \\$a  SE
=LAS  \\$a15190$b40$c20191209$lBLL01$h1115
=LET  \0$aBrain science advances (Electronic)
=MNI  \\$a2096-5958
=SID  \\$aZ39$bOCLC
=TOC  \\$aETOC
=UNO  \\$aY

