=LDR  02960cas a2200709 i 4500
=001  019113571
=003  Uk
=005  20221231234633.0
=007  ta
=008  181106c20189999enktr\p\\\\\\\0\\\a0eng\\
=015  \\$aGBB8K0741$2bnb
=022  \\$a2472-1735
=040  \\$aUk$beng$cUk$erda
=042  \\$aukblsr
=082  04$a613.12205$223
=245  00$aInternational journal of spa and wellness.
=246  30$aSpa and wellness
=246  30$aIJS&W
=264  \1$a[Abingdon] :$bRoutledge, Taylor & Francis Group,$c[2018]-
=300  \\$billustrations (black and white) ;$c25 cm
=310  \\$aThree times a year
=336  \\$atext$2rdacontent
=337  \\$aunmediated$2rdamedia
=338  \\$avolume$2rdacarrier
=362  1\$aBegan with volume 1, number 1 (2018).
=540  \\$aCurrent copyright fee: GBP37.00$c2\0$5Uk
=588  \\$aDescription based on: volume 1, number 2 (July 2018).
=650  \0$aHealth resorts$vPeriodicals.
=650  \0$aHealth resorts$xManagement$vPeriodicals.
=650  \0$aWell-being$vPeriodicals.
=650  \0$aSelf-care, Health$vPeriodicals.
=650  \0$aLifestyles$xHealth aspects$vPeriodicals.
=776  08$iAlso issued online as:$tInternational journal of spa and wellness$x2472-1743
=852  41$aBritish Library$bHMNTS$jZC.9.a.9781$3V. 1, no. 1(2018:Mar.)-v. 12, no. 3(2022:Jul./Nov.)***Title now taken as electronic copy only
=856  \\$31850-9999$uhttp://www.tandfonline.com/$xBLDSS
=945  \\$aInternational journal of spa and wellness
=979  \\$aBritish Library$bDSC$j4542.652500N
=985  \\$aWork record on ISSN Portal. Please add 222 (key title) when validated.
=ACF  \\$aPrevious Copyright Fee: GBP36.80$c0$e01-apr-2019$fGBP36.80$g0$hC$5Uk
=ACF  \\$aPrevious Copyright Fee: GBP34.50$c0$e01-jan-2019$fGBP34.50$g0$hC$5Uk
=ACF  \\$aPrevious copyright fee: GBP32.00$c2\0$e09-dec-2019$fGBP32.00$g0$hP$5Uk
=ACF  \\$aPrevious copyright fee: GBP34.00$c2\0$e01-jan-2020$fGBP34.00$g0$hP$5Uk
=CAT  \\$a11205$b40$c20181106$lBLL01$h1304
=CAT  \\$a11205$b40$c20181106$lBLL01$h1315
=CAT  \\$aBATCH-CLA$b00$c20181130$lBLL01$h1604
=CAT  \\$aIPL-CLA$c20181231$lBLL01$h1556
=CAT  \\$aBATCH-CLA$b00$c20190228$lBLL01$h1623
=CAT  \\$aIPL-CLA$c20190331$lBLL01$h1733
=CAT  \\$a5552$b40$c20191209$lBLL01$h1128
=CAT  \\$aBLDSS-3PM$b00$c20191218$lBLL01$h1021
=CAT  \\$aBATCH-UPD$b00$c20191218$lBLL01$h1022
=CAT  \\$aIPL-CLA$c20191231$lBLL01$h2045
=CAT  \\$aBATCH-UPD$b00$c20201118$lBLL01$h1337
=CAT  \\$aIPL-CLA$c20201231$lBLL01$h2351
=CAT  \\$aBATCH-UPD$b00$c20221121$lBLL01$h1350
=CAT  \\$aIPL-CLA$c20221231$lBLL01$h2346
=CFI  0\$aCurrent copyright fee: GBP37.00$c2\0$e01-jan-2023$fGBP37.00$g0$hP$5Uk
=CFI  2\$aPrevious copyright fee: GBP35.00$c2\0$e01-jan-2021$fGBP35.00$g0$hP$5Uk
=FFP  \\$aY$bBLDSS-3PM
=FIN  \\$aY$d20181106
=FMT  \\$a  SE
=LAS  \\$aIPL-CLA$b00$c20221231$lBLL01$h2346

