=LDR  02060cas a2200577 i 4500
=001  019200424
=003  Uk
=005  20200131091624.0
=006  m\\\\\|\\d\|\\\\\\
=007  cr\|||||||||||
=008  190107c20199999njuqr\p\o\\\\\0\\\a0eng\\
=022  \\$a2637-3807
=037  \\$aISSN_26373807$bPortico$nWiley
=040  \\$aUk$beng$cUk$erda
=042  \\$aukblsr
=082  04$a616.047208$223
=245  00$aPaediatric & neonatal pain.
=264  \1$a[Hoboken, New Jersey?] :$bWiley,$c2019-
=310  \\$aQuarterly
=336  \\$atext$2rdacontent
=337  \\$acomputer$2rdamedia
=338  \\$aonline resource$2rdacarrier
=362  0\$aVolume 1, issue 1 (September 2019)-
=500  \\$aTitle from PDF cover (Wiley Online Library, viewed January 27, 2020).
=540  \\$aCurrent Copyright Fee: zero$c35\0$5Uk
=650  \0$aPain in children$vPeriodicals.
=650  \0$aPain in infants$vPeriodicals.
=852  41$aBritish Library$bHMNTS$jELD Digital store$3Volume 1:Issue 1(2019)-
=856  40$31850-9999$uhttp://onlinelibrary.wiley.com/$xBLDSS
=856  40$uhttps://onlinelibrary.wiley.com/journal/26373807
=859  \\$aELD$bejournal
=945  \\$aPaediatric and neonatal pain.
=979  \\$aBritish Library$bDSC$j9838.213116N
=985  \\$aU.S. ISSN record provisional @27/01/20. Please add 222 when confirmed (Richard (Leeds), 27/01/20)
=CAT  \\$a14412$b40$c20190107$lBLL01$h1547
=CAT  \\$a14586$b40$c20190405$lBLL01$h1423
=CAT  \\$a5552$b40$c20200114$lBLL01$h1358
=CAT  \\$aBLDSS-3PM$b00$c20200124$lBLL01$h0859
=CAT  \\$aBATCH-UPD$b00$c20200124$lBLL01$h0900
=CAT  \\$a10806$b40$c20200127$lBLL01$h1317
=CAT  \\$a10806$b40$c20200127$lBLL01$h1319
=CAT  \\$a10806$b40$c20200127$lBLL01$h1523
=CAT  \\$a5410$b40$c20200131$lBLL01$h0916
=CFI  0\$aCurrent Copyright Fee: zero$c35\0$e14-jan-2020$fGBP0.00$g0$hP$5Uk
=FFP  \\$aY$bBLDSS-3PM
=FIN  \\$aY$d20200127
=FMT  \\$a  SE
=LAS  \\$a5410$b40$c20200131$lBLL01$h0916
=MNI  \\$a2637-3807
=TOC  \\$aETOC
=UNO  \\$aY

