=LDR  02770cas a2200721 i 4500
=001  019200550
=003  Uk
=005  20191231204609.0
=006  m\\\\\|\\d\|\\\\\\
=007  cr\|||||||||||
=008  190108c20199999enkfr\p\o\\\\\0\\\a0eng\\
=015  \\$aGBB9G3813$2bnb
=022  \\$a2637-3726
=037  \\$aISSN_26373726$bPortico$nWiley
=040  \\$aUk$beng$cUk$dUk$erda
=042  \\$aukblsr
=082  04$a617.9605$221
=222  \0$aAnaesthesia reports
=245  00$aAnaesthesia reports :$bcases in clinical practice.
=264  \1$a[Chichester] :$bWiley,$c2019-
=310  \\$aSemiannual
=336  \\$atext$2rdacontent
=337  \\$acomputer$2rdamedia
=338  \\$aonline resource$2rdacarrier
=362  0\$aVolume 7, issue 1 (January/June 2019)-
=500  \\$aTitle from PDF (wiley.com, viewed October 1, 2019).
=515  \\$aArticles added, as accepted, and archived in a semiannual issue.
=540  \\$aCurrent Copyright Fee: zero$c35\0$5Uk
=580  \\$aIncludes issues of earlier title: Anaesthesia cases.
=588  \\$aLatest issue consulted: volume 7, issue 2 (July/December 2019) (viewed October 1, 2019).
=650  \0$aAnesthesiology$vPeriodicals.
=710  2\$aAssociation of Anaesthetists of Great Britain and Ireland,$eissuing body.
=780  10$tAnaesthesia cases$x2396-8397
=852  41$aBritish Library$bHMNTS$jELD Digital store$3Volume 7:Issue 1(2019)-
=856  40$ahttps://onlinelibrary.wiley.com/loi/26373726
=856  4\$31850-9999$uhttp://onlinelibrary.wiley.com/$xBLDSS
=859  \\$aELD$bejournal
=945  \\$aAnaethesia reports.
=979  \\$aBritish Library$bDSC$j0859.902350N
=985  \\$aPrevious title ISSN only record at 017575989, no issues as at 1/10/19 so no LKR
=CAT  \\$a15005$b40$c20190108$lBLL01$h0819
=CAT  \\$a15005$b40$c20190108$lBLL01$h0820
=CAT  \\$a14586$b40$c20190405$lBLL01$h1408
=CAT  \\$a12654$b40$c20190710$lBLL01$h1118
=CAT  \\$a5552$b40$c20190718$lBLL01$h1459
=CAT  \\$aBLDSS-3PM$b00$c20190725$lBLL01$h1607
=CAT  \\$aBATCH-UPD$b00$c20190725$lBLL01$h1607
=CAT  \\$a5410$b40$c20190731$lBLL01$h1038
=CAT  \\$a8124$b40$c20191001$lBLL01$h1209
=CAT  \\$a8124$b40$c20191003$lBLL01$h0717
=CAT  \\$a8124$b40$c20191003$lBLL01$h0718
=CAT  \\$aR1911-0245$c20191127$lBLL01$h1037
=CAT  \\$aIPL-CLA$c20191231$lBLL01$h2046
=CFI  0\$aCurrent Copyright Fee: zero$c35\0$e01-jan-2020$fGBP0.00$g0$hP$5Uk
=CFI  2\$aPrevious copyright fee: GBP28.00$c35\0$e18-jul-2019$fGBP28.00$g0$hP$5Uk
=FFP  \\$aY$bBLDSS-3PM
=FIN  \\$aY$d20191001
=FMT  \\$a  SE
=LAS  \\$aIPL-CLA$b00$c20191231$lBLL01$h2046
=LET  \0$aAnaesthesia reports (Electronic)
=MNI  \\$a2637-3726
=TOC  \\$aETOC
=UNO  \\$aY

