=LDR  04159cas a2200961 i 4500
=001  019248067
=003  Uk
=005  20230511103607.0
=006  m\\\\\\\\d\|||||||
=007  cr\|||||||||||
=008  190208c20139999gw\br\p\\\\\\\0\\\b0ger\\
=022  \\$a2296-0317
=040  \\$aUk$beng$cUk$erda
=042  \\$aukblsr
=082  04$a616.24$223
=222  \0$aKarger Kompass. Pneumologie$b(Internet)
=245  00$aKarger Kompass.$pPneumologie.
=246  30$aPneumologie
=246  1\$iMinor title change:$aKompass.$pPneumologie,$f2020-
=264  \1$aFreiburg, Deutschland :$bS. Karger,$c2013-
=300  \\$billustrations (black and white, and colour)
=310  \\$aBimonthly
=336  \\$atext$2rdacontent
=337  \\$acomputer$2rdamedia
=338  \\$aonline resource$2rdacarrier
=362  0\$aVol. 1, no. 1 (2013)-
=500  \\$aTitle from journal homepage (karger.com, viewed March 16, 2020).
=540  \\$aCurrent copyright fee: GBP35.00$c24\0$5Uk
=588  \\$aLatest issue consulted: volume 8, issue 5 (2020) (PDF, viewed November 13, 2020).
=650  \0$aLungs$xDiseases$vPeriodicals.
=776  08$iAlso issued in print as:$tKarger Kompass. Pneumologie$x2296-0368
=852  \\$aBritish Library$bDSC$j5085.835070$3Volume 8:Issue 1(2020)-Volume 11:Issue 1(2023)***Perpetual access from Vol 1 (2013)
=856  40$31850-9999$uhttp://www.karger.com/$xBLDSS
=856  40$uhttps://www.karger.com/Journal/Home/257333
=859  \\$aXLD$bejournal$cSFX
=945  \\$aKarger Kompass Pneumologie
=959  \\$fCurrently available
=979  \\$aBritish Library$bDSC$j5085.835070
=985  \\$a3rd party access title for Remote supply please retain as base record when merging/deleting
=985  \\$aPlease treat dropping of 'Karger' in title as minor - see Richard (Leeds) (03/11/20) or ISSN email correspondence from November 2020.
=ACF  \\$aPrevious copyright fee: GBP30.38$c24\0$e24-lul-2019$fGBP30.38$g0$hP$5Uk
=ACF  \\$aPrevious copyright fee: GBP31.60$c24\0$e01-oct-2019$fGBP31.60$g0$hP$5Uk
=ACF  \\$aPrevious copyright fee: GBP30.38$c24\0$e01-apr-2020$fGBP30.38$g0$hP$5Uk
=ACF  \\$aPrevious copyright fee: GBP31.60$c24\0$e01-jul-2020$fGBP31.60$g0$hP$5Uk
=ACF  \\$aPrevious copyright fee: GBP33.60$c24\0$e01-jan-2021$fGBP33.60$g0$hP$5Uk
=ACF  \\$aPrevious copyright fee: GBP31.11$c24\0$e01-apr-2021$fGBP31.11$g0$hP$5Uk
=ACF  \\$aPrevious copyright fee: GBP30.00$c24\0$e07-jul-2021$fGBP30.00$g0$hP$5Uk
=CAT  \\$a5552$b40$c20190208$lBLL01$h1355
=CAT  \\$a5410$b40$c20190806$lBLL01$h1441
=CAT  \\$a5410$b40$c20190814$lBLL01$h0836
=CAT  \\$aBATCH-UPD$b40$c20190829$lBLL01$h1538
=CAT  \\$aIPL-CLA$c20190930$lBLL01$h1659
=CAT  \\$a12654$b40$c20200116$lBLL01$h1207
=CAT  \\$aBATCH-UPD$b40$c20200219$lBLL01$h1520
=CAT  \\$a10806$b40$c20200316$lBLL01$h1445
=CAT  \\$aIPL-CLA$c20200331$lBLL01$h1639
=CAT  \\$aBATCH-UPD$b00$c20200522$lBLL01$h1505
=CAT  \\$aIPL-CLA$c20200701$lBLL01$h0125
=CAT  \\$a10806$b40$c20201103$lBLL01$h1313
=CAT  \\$a10806$b40$c20201103$lBLL01$h1315
=CAT  \\$a8055$b40$c20201106$lBLL01$h1414
=CAT  \\$a10806$b40$c20201113$lBLL01$h1137
=CAT  \\$a10806$b40$c20201113$lBLL01$h1139
=CAT  \\$aBATCH-UPD$b40$c20201126$lBLL01$h1124
=CAT  \\$aIPL-CLA$c20201231$lBLL01$h1534
=CAT  \\$aBATCH-UPD$b00$c20210226$lBLL01$h1046
=CAT  \\$aIPL-CLA$c20210331$lBLL01$h1704
=CAT  \\$aBATCH-UPD$b00$c20210707$lBLL01$h1610
=CAT  \\$aIPL-CLA$c20210707$lBLL01$h1845
=CAT  \\$aBATCH-UPD$b00$c20220520$lBLL01$h1649
=CAT  \\$aIPL-CLA$c20220630$lBLL01$h1541
=CAT  \\$aBATCH-UPD$b00$c20220824$lBLL01$h0915
=CAT  \\$aIPL-CLA$c20220930$lBLL01$h1430
=CAT  \\$a12654$b40$c20230511$lBLL01$h1036
=CFI  0\$aCurrent copyright fee: GBP35.00$c24\0$e01-oct-2022$fGBP35.00$g0$hP$5Uk
=CFI  2\$aPrevious copyright fee: GBP33.60$c24\0$e01-jul-2022$fGBP33.60$g0$hP$5Uk
=FFP  \\$aY$bBLDSS-3PM
=FIN  \\$aY$d20200316
=FMT  \\$a  SE
=LAS  \\$a12654$b40$c20230511$lBLL01$h1036
=MNI  \\$a2296-0368
=TOC  \\$aETOC
=UNO  \\$aY

