=LDR  02750cas a2200673 i 4500
=001  019253371
=003  Uk
=005  20221231145456.0
=007  ta
=008  190213c20199999sz\br\p\\\\\\\0\\\a0eng\\
=022  \\$a2524-3462
=040  \\$aUk$beng$cUk$erda
=042  \\$aukblsr
=082  04$a669.05$223
=245  00$aMining, metallurgy & exploration.
=246  3\$aMining, metallurgy and exploration
=264  \1$a[Cham] :$bSpringer Nature Switzerland AG (Springer),$c[2019-]
=300  \\$billustrations (black and white, and colour) ;$c28 cm
=310  \\$aBimonthly
=336  \\$atext$2rdacontent
=337  \\$aunmediated$2rdamedia
=338  \\$avolume$2rdacarrier
=362  1\$aBegan with volume 36, number 1 (February 2019).
=540  \\$aCurrent copyright fee: GBP29.95$c22\1$5Uk
=588  \\$aDescription based on: volume 36, number 2 (April 2019).
=650  \0$aMetallurgy$vPeriodicals.
=650  \0$aMetallurgical research$vPeriodicals.
=650  \0$aMineral industries$vPeriodicals.
=710  2\$aSociety for Mining, Metallurgy, and Exploration (U.S.)
=776  08$iAlso issued online as:$tMining, metallurgy & exploration$x2524-3470
=780  00$tMinerals and metallurgical processing$x0747-9182
=852  11$aBritish Library$bSTI$k(P)$h669.05$m-E(4)$2blsrissc$3Vol. 36 (2019)-
=852  41$aBritish Library$bDSC$j5805.055000$3Vol. 36 (2019)-***Latest issue held for 6 months***UKRR Retained Title
=856  \\$31850-9999$uhttp://link.springer.com/$xBLDSS
=945  \\$aMining metallurgy and exploration
=959  \\$fCurrently received
=985  \\$aWork record on ISSN Portal; please add key title when verified.
=CAT  \\$a8335$b40$c20190213$lBLL01$h1128
=CAT  \\$a8335$b40$c20190213$lBLL01$h1131
=CAT  \\$a5552$b40$c20190425$lBLL01$h1433
=CAT  \\$aBATCH-UPD$b40$c20190430$lBLL01$h2334
=CAT  \\$aBLDSS-3PM$b00$c20190501$lBLL01$h1026
=CAT  \\$aBATCH-UPD$b00$c20190501$lBLL01$h1026
=CAT  \\$a6558$b40$c20190509$lBLL01$h1100
=CAT  \\$a6558$b40$c20190509$lBLL01$h1114
=CAT  \\$a6558$b40$c20190509$lBLL01$h1128
=CAT  \\$a11205$b40$c20190514$lBLL01$h1247
=CAT  \\$aBATCH-UPD$b40$c20221121$lBLL01$h1407
=CAT  \\$aIPL-CLA$c20221231$lBLL01$h1454
=CFI  0\$aCurrent copyright fee: GBP29.95$c22\1$e01-jan-2023$fGBP29.95$g0$hP$5Uk
=CFI  2\$aPrevious copyright fee: GBP34.00$c22\1$e25-apr-2019$fGBP34.00$g0$hP$5Uk
=FFP  \\$aY$bBLDSS-3PM
=FIN  \\$aY$d20190514
=FMT  \\$a  SE
=LAS  \\$aIPL-CLA$b00$c20221231$lBLL01$h1454
=LET  \0$aMining, metallurgy & exploration (Print)
=LKR  \\$aPAR$b011763179$lBLL01$nMinerals and metallurgical processing$mMining, metallurgy & exploration$r78000
=TOC  \\$aETOC
=UNO  \\$aY

