=LDR  03595 as a2200745 i 4500
=001  019264504
=003  Uk
=005  20190924154943.0
=006  m\\\\\o\\d\\\\\\\\
=007  cr\|||||||||||
=008  020831d20002002pauqr\pso\\\\\0\\\a0eng\c
=010  \\$a  2009247744
=022  \\$y1560-4284
=035  \\$a(OCoLC)50516980$z(OCoLC)225099182
=037  \\$aISSN_15604284$bPortico$nHindawi
=040  \\$aF#A$beng$cF#A$dOCLCQ$dF#A$dOCLCQ$dBUF$dOCLCQ$dUAB$dLIP$dOCLCO$dXFH$dOCLCO$dOCLCQ$dOCLCF$dAU@$dOCLCO$dWYU$dU3W$dVT2$dOCLCO$dUk
=042  \\$aukblsr
=050  \4$aRC660
=060  \4$aW1$bIN766IO
=082  04$a616.462$223
=130  0\$aInternational journal of experimental diabetes research (Online)
=245  10$aInternational journal of experimental diabetes research.
=246  30$aExperimental diabetes research
=260  \\$a[Amsterdam] :$bHarwood Academic Publishers
=264  31$aPhiladelphia, PA :$bTaylor & Francis
=310  \\$aQuarterly
=336  \\$atext$2rdacontent
=337  \\$acomputer$2rdamedia
=338  \\$aonline resource$2rdacarrier
=362  1\$aPrint began with vol. 1, no. 1 (2000); ceased with v. 3, no. 4 (Oct./Dec. 2002).
=500  \\$aPublished: Philadelphia, PA : Taylor & Francis, -2002.
=538  \\$aMode of access: World Wide Web.
=588  \\$aDescription based on: Vol. 1, no. 1 (2000); title from PDF editorial (PubMed Central, viewed June 17, 2009).
=588  \\$aLatest issue consulted: V. 3, no. 4 (Oct./Dec. 2002) (PubMed Central, viewed June 17, 2009; and Hindawi, viewed April 3, 2019).
=650  \0$aDiabetes$xResearch$vPeriodicals.
=650  \0$aIslands of Langerhans$xResearch$vPeriodicals.
=650  \0$aPancreas$xResearch$vPeriodicals.
=650  \0$aInsulin$xResearch$vPeriodicals.
=650  \7$aDiabetes$xResearch.$2fast$0(OCoLC)fst00892188
=650  \7$aInsulin$xResearch.$2fast$0(OCoLC)fst00974508
=650  12$aDiabetes Mellitus$vPeriodicals.
=655  \7$aPeriodicals.$2fast$0(OCoLC)fst01411641
=655  \0$aElectronic journals.
=776  08$iAlso issued in print as:$tInternational journal of experimental diabetes research$x1560-4284
=785  00$tExperimental diabesity research$x1543-8619
=852  41$aBritish Library$bHMNTS$jELD Digital store
=856  40$3Full text available: Jan 2002-Oct 2002$uhttp://search.ebscohost.com/direct.asp?db=byh&jid=%22J3N%22&scope=site$zAvailable on EBSCOhost
=856  40$uhttp://www.pubmedcentral.nih.gov/tocrender.fcgi?journal=416&action=archive#ijexdiabres
=856  4\$uhttp://www.hindawi.com/journals/edr/$zNo longer links to resource$zFollow links to resource
=856  4\$uhttp://www.hindawi.com/journals
=859  \\$aELD$bejournal
=985  \\$aCan be accessed via PubMed still & also via Hindawi (c. Taylor & Francis on PDF); 856 takes you to "Journal of diabetes research" which is the "next but one" title from 2013; "Bibliographic information" tab shows dates of the related titles prior to the 2013 one. Search screen will take you to articles - can be done via any of Hindawi's titles.
=985  \\$aISSN assignment request sent to IC, 24/09/19 (Richard)
=CAT  \\$a10983$b40$c20190222$lBLL01$h1014
=CAT  \\$a10806$b40$c20190312$lBLL01$h0821
=CAT  \\$a3072$b40$c20190403$lBLL01$h1348
=CAT  \\$a3072$b40$c20190403$lBLL01$h1459
=CAT  \\$a3072$b40$c20190403$lBLL01$h1612
=CAT  \\$a3072$b40$c20190417$lBLL01$h1430
=CAT  \\$a10806$b40$c20190924$lBLL01$h1549
=FIN  \\$aY$d20190403
=FMT  \\$a  SE
=LAS  \\$a10806$b40$c20190924$lBLL01$h1549
=MNI  \\$a1560-4284
=SID  \\$aZ39$bOCLC

