=LDR  02147cas a2200517 i 4500
=001  019288724
=003  Uk
=005  20190531085147.0
=007  ta
=008  190308c19uu9999it\gr\\\\\\\\i0\\\b0spa\\
=040  \\$aUk$beng$cUk$erda
=042  \\$aukblsr
=082  04$a634.92$223
=130  0\$aState of the world's forests.$lSpanish.
=245  13$aEl estado de los bosques del mundo.
=264  \1$aRoma :$bOrganizacíon de las Naciones Unidas para la Alimentación y la Agricultura
=300  \\$billustrations (colour), maps (colour) ;$c30 cm
=310  \\$aBiennial
=336  \\$atext$2rdacontent
=337  \\$aunmediated$2rdamedia
=338  \\$avolume$2rdacarrier
=530  \\$aAlso issued online.
=588  \\$aDescription based on: 2018.
=650  \0$aForest management$vPeriodicals.
=650  \0$aForest management$vStatistics$vPeriodicals.
=650  \0$aForest policy$vPeriodicals.
=650  \0$aForest policy$vStatistics$vPeriodicals.
=650  \0$aForests and forestry$vPeriodicals.
=650  \0$aForests and forestry$vStatistics$vPeriodicals.
=710  2\$aFood and Agriculture Organization of the United Nations,$eissuing body.
=775  08$iIssued also in French:$tSituation des forêts du monde.$x1020-5713
=775  08$iIssued also in Chinese:$tShi jie sen lin zhuang kuang$x1020-5748
=775  0\$tState of the world's forests. Arabic. Ḥālaẗ al-ġābāt fī al-'ālam$x1020-573X
=775  08$iIssued also in English:$tState of the world's forests$x1020-5705
=775  0\$tState of the world's forests. Russian. Sostoânie lesov mira$x2070-6235
=852  41$aBritish Library$bHMNTS$jOPB.9.x.247$32018-
=985  \\$aScan sent to ISSN IC for ISSN assignment (none assigned @08/03/19) (Richard (Leeds))
=CAT  \\$a10806$b40$c20190308$lBLL01$h1339
=CAT  \\$a10806$b40$c20190308$lBLL01$h1340
=CAT  \\$a10806$b40$c20190315$lBLL01$h0810
=CAT  \\$a10806$b40$c20190315$lBLL01$h0830
=CAT  \\$a10806$b40$c20190531$lBLL01$h0851
=FIN  \\$aY$d20190308
=FMT  \\$a  SE
=LAS  \\$a10806$b40$c20190531$lBLL01$h0851
=LET  \0$aState of the world's forests (Spanish edition)

