=LDR  01139cas a2200373 i 4500
=001  019300259
=003  Uk
=005  20220316133607.0
=007  ta
=008  190314c20029999uz\qr\p\\\\\\\0\\\a0eng\\
=022  \\$a1996-4293
=040  \\$aUk$beng$cUk$erda
=042  \\$aukblsr
=082  04$a915.8$223
=222  \0$aDiscovery Central Asia
=245  00$aDiscovery Central Asia.
=246  14$aDiscovery travel magazine
=246  13$aDiscovery CA
=246  17$aDiscovery guides
=264  \1$aTashkent :$bSilk Road Media
=300  \\$billustrations (colour) ;$c25 cm
=310  \\$aQuarterly
=336  \\$atext$2rdacontent
=337  \\$aunmediated$2rdamedia
=338  \\$avolume$2rdacarrier
=588  \\$aDescription based on: 32 (2011).
=651  \0$aAsia, Central$xDescription and travel$vPeriodicals.
=852  41$aBritish Library$bHMNTS$jZK.9.a.16873$3Issue 32 (2011)
=985  \\$aPlace of publication matches place of publication in ISSN record.
=CAT  \\$a10806$b40$c20190314$lBLL01$h0838
=CAT  \\$a10806$b40$c20220316$lBLL01$h1336
=FIN  \\$aY$d20220316
=FMT  \\$a  SE
=LAS  \\$a10806$b40$c20220316$lBLL01$h1336

