=LDR  02128cas a2200553 i 4500
=001  019368835
=003  Uk
=005  20230406081242.0
=007  ta
=008  190416c20199999pl\qr\p\\\\\\\0\\\a0eng\\
=022  \\$a2657-697X
=040  \\$aUk$beng$cUk$erda
=041  0\$aeng$apol$beng$bpol
=042  \\$aukblsr
=082  04$a610.5$223
=222  \0$aInternational Review of Medical Practice
=245  00$aInternational review of medical practice.
=264  \1$aJulianów :$bMedpress,$c2019-
=300  \\$billustrations (colour) ;$c30 cm
=310  \\$aQuarterly
=336  \\$atext$2rdacontent
=337  \\$aunmediated$2rdamedia
=338  \\$avolume$2rdacarrier
=362  0\$aVol. 25, no. 1 (2019)-
=540  \\$aBritish Library not licensed to copy$c0$5Uk
=546  \\$aArticles and summaries in English and Polish.
=588  \\$aLatest issue consulted: volume XXV [25], number 4 (2019).
=650  \0$aMedicine$xPractice$vPeriodicals.
=650  \0$aMedical sciences$vPeriodicals.
=780  00$tInternational review of allergology & clinical immunology$x2300-7877
=852  41$aBritish Library$bDSC$j4547.353500$3Vol. 25, no. 1 (2019)-v. 27, no. 4 (2021)
=945  \\$aInternational review of medical practice
=959  \\$fHeld but not currently received
=985  \\$aISSN & key title added 23/1/2020.
=CAT  \\$a5997$b40$c20190416$lBLL01$h1303
=CAT  \\$a11385$b40$c20190416$lBLL01$h1504
=CAT  \\$a11385$b40$c20190417$lBLL01$h0758
=CAT  \\$a11385$b40$c20190417$lBLL01$h0802
=CAT  \\$a12654$b40$c20190816$lBLL01$h1143
=CAT  \\$a11205$b40$c20200123$lBLL01$h1345
=CAT  \\$a5410$b40$c20200127$lBLL01$h1031
=CAT  \\$a11385$b40$c20230406$lBLL01$h0812
=CFI  0\$aBritish Library not licensed to copy$c0$e16-aug-2019$hC$iTX$5Uk
=CFI  2\$aPrevious copyright fee: GBP17.50$c0$e16-apr-2019$fGBP17.50$g0$hA$5Uk
=FIN  \\$aY$d20190416
=FMT  \\$a  SE
=LAS  \\$a11385$b40$c20230406$lBLL01$h0812
=LKR  \\$aPAR$b009859770$lBLL01$nInternational review of allergology & clinical immunology$mInternational review of medical practice$r78000
=TOC  \\$aETOC

