=LDR  01174 as a2200313 i 4500
=001  019370731
=003  Uk
=005  20190418132315.0
=007  ta
=008  190418c20199999xx\uu\p\\\\\\\0\\\e0chi\\
=040  \\$aUk$beng$cUk$erda
=082  04$a158.3$223
=245  00$aTheory and practice of psychological counseling.
=264  \1$a[Place of publication not identified] :$bSciscan Publishing Co. Ltd.,$c2019-
=300  \\$c30 cm
=336  \\$atext$2rdacontent
=337  \\$aunmediated$2rdamedia
=338  \\$avolume$2rdacarrier
=362  0\$aVol. 1, no. 1 (2019)-
=650  \0$aCounseling psychology$vPeriodicals.
=690  7\$aManagement and Business Studies$2blcoll
=852  41$aBritish Library$bHMNTS$jZP.9.b.325$3Vol. 1, no. 1 (2019)
=985  \\$aISSN UK note: First issue received by ISSN UK Centre in support of ISSN application - ISSN assignment declined - issue sent to collections. See also BIB 019370738 'Psychology in China'.
=CAT  \\$a10806$b40$c20190418$lBLL01$h1310
=CAT  \\$a10806$b40$c20190418$lBLL01$h1323
=CAT  \\$aBATCH-MBS$c20190510$lBLL01$h2119
=FIN  \\$aY$d20190418
=FMT  \\$a  SE
=LAS  \\$aBATCH-MBS$b00$c20190510$lBLL01$h2119

