=LDR  01052 as a2200289 i 4500
=001  019370738
=003  Uk
=005  20190418132321.0
=007  ta
=008  190418c20199999xx\uu\p\\\\\\\0\\\e0chi\\
=040  \\$aUk$beng$cUk$erda
=082  04$a150$223
=245  00$aPsychology in China.
=264  \1$a[Place of publication not identified] :$bSciscan Publishing Co. Ltd.,$c2019-
=300  \\$c30 cm
=336  \\$atext$2rdacontent
=337  \\$aunmediated$2rdamedia
=338  \\$avolume$2rdacarrier
=362  0\$aVol. 1, no. 1 (2019)-
=650  \0$aPsychology$vPeriodicals.
=852  41$aBritish Library$bHMNTS$jZP.9.b.326$3Vol. 1, no. 1 (2019)
=985  \\$aISSN UK note: First issue received by ISSN UK Centre in support of ISSN application - ISSN assignment declined - issue sent to collections. See also BIB 019370731 'Theory and practice of psychological counseling'.
=CAT  \\$a10806$b40$c20190418$lBLL01$h1321
=CAT  \\$a10806$b40$c20190418$lBLL01$h1323
=FIN  \\$aY$d20190418
=FMT  \\$a  SE
=LAS  \\$a10806$b40$c20190418$lBLL01$h1323

