=LDR  03691cas a2200853 i 4500
=001  019403508
=003  Uk
=005  20190815151254.0
=006  m\\\\\o\\d\\\\\\\\
=007  cr\|||||||||||
=008  130213c20089999su\br\p\o\\\\\0\\\a0eng\c
=010  \\$a  2017236836$z  2014350075
=015  \\$aGBB9E0956$2bnb
=022  0\$a1658-3655
=035  \\$a(OCoLC)827554917
=037  \\$aISSN_16583655_21$bPortico$nTaylor & Francis
=040  \\$aOH1$beng$cTEF$dBUF$dCNCGM$dOCLCF$dIUL$dOCLCA$dOCLCQ$dCUS$dVT2$dLND$dNOC$dUk$erda$epn
=042  \\$aukblsr
=050  \4$aQ1
=082  04$a505$223
=222  \0$aJournal of Taibah University for Science
=245  00$aJournal of Taibah University for science :$bJTUSCI.
=246  30$aJTUSCI
=264  \1$aMadinah, Saudi Arabia :$bTaibah University,$c2008-
=264  21$aAmsterdam :$bElsevier
=264  31$a[Abingdon] :$bInforma UK Limited, trading as Taylor & Francis Group
=300  \\$a1 online resource
=310  \\$aBimonthly,$b2016-
=321  \\$aAnnual,$b2008-2012
=321  \\$aQuarterly,$b2013-2015
=336  \\$atext$2rdacontent
=337  \\$acomputer$2rdamedia
=338  \\$aonline resource$2rdacarrier
=362  1\$aBegan with: Volume 1 (2008).
=500  \\$aWith 2012, production and hosting by Elsevier B.V.
=506  \\$aLicense restrictions may limit access.
=515  \\$aArticles are added on an individual basis, and archived in the current issue.
=540  \\$aCurrent copyright fee: zero$c2\0$5Uk
=588  \\$aDescription based on: Volume 1 (2008); title from journal information screen (ScienceDirect, viewed July 24, 2017).
=588  \\$aLatest issue consulted: vol. 12, no. 6 (2018) (Taylor & Francis Online, viewed August 15, 2019).
=590  \\$aRoute FAILED DSC EXTENDED searches to Records Team
=650  \0$aScience$vPeriodicals.
=650  \7$aScience.$2fast$0(OCoLC)fst01108176
=655  \7$aPeriodicals.$2fast$0(OCoLC)fst01411641
=710  2\$6880-01,$aJāmiʿat Ṭaybah.$eissuing body.
=776  08$iPrint version:$tJournal of Taibah University for science
=852  41$aBritish Library$bHMNTS$jELD Digital store$3Volume 10:Issue 1(2016)-
=856  \\$31850-9999$uhttp://www.elsevier.com/journals$xBLDSS
=856  \\$31850-9999$uhttp://www.tandfonline.com/$xBLDSS
=856  40$3OhioLink$uhttp://rave.ohiolink.edu/ejournals/issn/16583655$zConnect to resource.
=856  40$3ScienceDirect$uhttp://www.sciencedirect.com/science/journal/16583655
=856  40$uhttp://www.journals.elsevier.com/journal-of-taibah-university-for-science/$z2008 to present
=856  40$uhttp://0-www.sciencedirect.com.emu.londonmet.ac.uk/science/journal/16583655$zFull text available from ScienceDirect Open Access Titles: 01/01/2008 to present
=856  40$uhttps://www.tandfonline.com/loi/tusc20
=859  \\$aELD$bejournal
=880  2\$6710-01/(3/r$aجامعة طيبة.
=945  \\$aJournal - Taibah University for Science
=979  \\$aBritish Library$bDSC$j4905.265000N
=985  \\$aISSN has status Validation request on Portal 21/08/14
=CAT  \\$a15190$b40$c20190515$lBLL01$h1310
=CAT  \\$a8055$b40$c20190604$lBLL01$h1439
=CAT  \\$aBLDSS-3PM$b00$c20190613$lBLL01$h0847
=CAT  \\$aBATCH-UPD$b00$c20190613$lBLL01$h0847
=CAT  \\$a3072$b40$c20190815$lBLL01$h1506
=CAT  \\$a3072$b40$c20190815$lBLL01$h1512
=CFI  0\$aCurrent copyright fee: zero$c2\0$e04-jun-2019$fGBP0.00$g0$hP$5Uk
=FFP  \\$aY$bBLDSS-3PM
=FIN  \\$aY$d20190815
=FMT  \\$a  SE
=LAS  \\$a3072$b40$c20190815$lBLL01$h1512
=LET  \0$aJournal of Taibah University for Science (Electronic)
=MNI  \\$a1658-3655
=SRC  \\$aBLL02
=TOC  \\$aETOC

