=LDR  01475cas a2200445 a 4500
=001  019413776
=003  Uk
=005  20190523112519.0
=007  ta
=008  950324c19uu9999couuu\\\\\\\\\0\\\a0eng\\
=010  \\$a   95655568 
=022  \\$y1081-7816
=035  \\$a(OCoLC)32198222
=040  \\$aDLC$beng$cDLC$dDLC$dOCLCQ$dOCLCF$dYDXCP$dOCLCQ$dUk
=042  \\$aukblsr
=050  00$aT55.A1$bL48
=082  00$a613.62$223
=245  00$aLet's talk safety!.
=246  3\$aSafety talks$f<1993-1995>
=246  3\$aAWWA let's talk safety$f<2010->
=246  3\$aSeries of ... talks on common utility safety practices$f<2010->
=260  \\$aDenver, CO :$bAmerican Water Works Association
=300  \\$avolumes ;$c28 cm
=336  \\$atext$2rdacontent
=337  \\$aunmediated$2rdamedia
=338  \\$avolume$2rdacarrier
=530  \\$aAlso on CD-ROM, <2010->
=588  \\$aDescription based on: 1993.
=588  \\$aLatest issue consulted: 2019.
=650  \0$aIndustrial safety$zUnited States$vPeriodicals.
=650  \7$aIndustrial safety.$2fast$0(OCoLC)fst00971664
=710  2\$aAmerican Water Works Association.
=852  41$aBritish Library$bHMNTS$jZK.9.b.36832$32019
=985  \\$aISSN 1081-7816 not yet reported in ISSN Portal (Richard (Leeds), 23/05/19)
=CAT  \\$a10806$b40$c20190523$lBLL01$h1124
=CAT  \\$a10806$b40$c20190523$lBLL01$h1125
=FIN  \\$aY$d20190523
=FMT  \\$a  SE
=LAS  \\$a10806$b40$c20190523$lBLL01$h1125
=SID  \\$aZ39$bOCLC

