=LDR  02824 as a2200625 i 4500
=001  019436124
=003  Uk
=005  20201208111223.0
=007  ta
=008  190626c20199999gr\fr\p\\\\\\\0\\\a0gre\\
=010  \\$a  2020213402
=022  \\$a2654-0223
=035  \\$a(OCoLC)1112868133
=040  \\$aEQO$beng$cEQO$dOCLCO$dOCLCF$dDLC$dOCLCO$dUk$erda
=042  \\$aukblsr
=043  \\$ae-gr---
=050  00$aPR1924$b.A34
=082  04$a230.005$223
=245  00$6880-01$aAchilliou polis.
=264  \1$6880-02$aLarisa :$bHiera Mētropolis Larisēs kai Tyrnavou,$c2019-
=300  \\$avolumes :$billustrations ;$c22 cm
=310  \\$aSemiannual
=336  \\$atext$2rdacontent
=337  \\$aunmediated$2rdamedia
=338  \\$avolume$2rdacarrier
=362  1\$aBegan with: Teuchos 01 (Maïos 2019).
=500  \\$6880-03$a"Examēniaia periodikē ekdosē Hieras Mētropoleōs Larisēs kai Tyrnavou."
=588  \\$aDescription based on: Teuchos 01 (Maïos 2019); title from title page.
=588  \\$aLatest issue consulted: Teuchos 02 (Noemvrios 2019).
=610  20$aOrthodoxos Ekklēsia tēs Hellados$xDoctrines$vPeriodicals.
=610  27$aOrthodoxos Ekklēsia tēs Hellados$2fast$0(OCoLC)fst00510571
=650  \0$aChurch and the world$vPeriodicals.
=650  \0$aTheology, Doctrinal$vPeriodicals.
=650  \0$aTheology in literature$vPeriodicals.
=650  \7$aChurch and the world.$2fast$0(OCoLC)fst00860543
=650  \7$aTheology, Doctrinal.$2fast$0(OCoLC)fst01149617
=650  \7$aTheology in literature.$2fast$0(OCoLC)fst01149615
=651  \0$aLarisa (Greece)$xHistory$vPeriodicals.
=651  \7$aGreece$zLarisa.$2fast$0(OCoLC)fst01236168
=655  \7$aHistory.$2fast$0(OCoLC)fst01411628
=655  \7$aPeriodicals.$2fast$0(OCoLC)fst01411641
=710  2\$6880-04,$aOrthodoxos Ekklēsia tēs Hellados.$bHiera Mētropoleōs Larisēs kai Tyrnavou.$eissuing body.
=852  41$aBritish Library$bHMNTS$jZF.9.a.12362$3Issue 2 (Nov. 2019)
=880  00$6245-01$aΑχιλλιου πολις.
=880  \1$6264-02$aΛαρισα :$bΙερα Μητροπολις Λαρισης και Τυρναβου,$c2019-
=880  \\$6500-03$a«Εξαμηνιαια περιοδικη εκδοση Ιερας Μητροπολεως Λαρισης και Τυρναβου."
=880  2\$6710-04$aΟρθοδοξος Εκκλησια της Ελλαδος.$bΙερα Μητροπολεως Λαρισης και Τυρναβου,$eissuing body.
=985  \\$aProvisional record only on ISSN Portal; please add key title when validated.
=CAT  \\$a8197$b40$c20190612$lBLL01$h0831
=CAT  \\$a11205$b40$c20201208$lBLL01$h1107
=CAT  \\$a11205$b40$c20201208$lBLL01$h1112
=FIN  \\$aY$d20201208
=FMT  \\$a  SE
=LAS  \\$a11205$b40$c20201208$lBLL01$h1112
=SID  \\$aZ39$bOCLC

