=LDR  02186 as a2200517 i 4500
=001  019439294
=003  Uk
=005  20190618142109.0
=007  ta
=008  190618c20039999uv\ar\p\\\\\\\0\\\b0fre\\
=022  \\$a2424-7529
=040  \\$aUk$beng$cUk$erda
=041  0\$afre$aeng$bfre$beng
=042  \\$aukblsr
=082  04$a300.5$223
=222  \0$aAnnales. Série A
=245  00$aAnnales.$nSérie A,$pLettres, sciences humaines et sociales /$cUniversité Ouaga I Pr Joseph Ki-Zerbo.
=264  \1$aOuagadougou :$bPresses Universitaires de Ouagadougou,$c[2003]-
=300  \\$c21 cm
=310  \\$aAnnual
=336  \\$atext$2rdacontent
=337  \\$aunmediated$2rdamedia
=338  \\$avolume$2rdacarrier
=362  0\$aBegan with nouvelle série volume 001 (2003).
=546  \\$aIn French, with some articles in English; abstracts in French and English.
=550  \\$aIssued by: Université de Ouagadougou, 2003-[2015]; Université Ouaga I Pr Joseph Ki-Zerbo, [2015]-.
=588  \\$aDescription based on: nouvelle série, volume 020 (2015).
=588  \\$aLatest issue consulted: nouvelle série, volume 021 (2016).
=650  \0$aSocial sciences$vPeriodicals.
=650  \0$aSocial sciences$zBurkina Faso$vPeriodicals.
=650  \0$aSocial sciences$zAfrica$vPeriodicals.
=650  \0$aLiterature$vPeriodicals.
=651  \0$aBurkina Faso$xSocial conditions$vPeriodicals.
=651  \0$aAfrica$xSocial conditions$vPeriodicals.
=710  2\$aUniversité de Ouagadougou,$eissuing body.
=710  2\$aUniversité Ouaga I Pr Joseph Ki-Zerbo,$eissuing body.
=852  41$aBritish Library$bOC$jZF.9.a.12029$3Vol. 20 (2015)-v. 21 (2016)
=985  \\$aConflicting information on CCL records therefore new record created based on the 2 issues in hand and selected verified information.
=985  \\$aISSN record has: Lettres, sciences humaines et sociales as other title information.
=CAT  \\$a11205$b40$c20190618$lBLL01$h1409
=CAT  \\$a11205$b40$c20190618$lBLL01$h1414
=CAT  \\$a11205$b40$c20190618$lBLL01$h1416
=CAT  \\$a11205$b40$c20190618$lBLL01$h1421
=FIN  \\$aY$d20190618
=FMT  \\$a  SE
=LAS  \\$a11205$b40$c20190618$lBLL01$h1421

