=LDR  01211 as a22003377i 4500
=001  019465618
=003  Uk
=005  20190711153250.0
=007  ta
=008  190711d20042007fr\mr\p\\\\\\\0\\\b0fre\\
=022  \\$a1766-4705
=040  \\$aUk$beng$cUk$erda
=222  \0$aRPF MAD
=245  00$aRPF MAD.
=264  \1$aParis :$bPYC éd.,$c2004-2007.
=310  \\$aMonthly
=336  \\$atext$2rdacontent
=337  \\$aunmediated$2rdamedia
=338  \\$avolume$2rdacarrier
=362  0\$aN° 922 (janv. 2004)-N° 953 (mars 2007).
=588  \\$aDescription based on ISSN Portal record.
=780  00$tRevue pratique du froid et du conditionnement d'air$x0370-6699
=785  00$tLa RPF$x1959-4747
=852  71$aBritish Library$bSTI$k(P)$hUC 00$m-F(5)$2blsrissc$3No. 922 (2004)-no. 953 (2007)
=985  \\$aMissed change of title. Minimal record created, based on the ISSN Portal record, for the issues of the intervening title.
=CAT  \\$a11205$b40$c20190711$lBLL01$h1252
=CAT  \\$a11205$b40$c20190711$lBLL01$h1532
=FIN  \\$aY$d20190711
=FMT  \\$a  SE
=LAS  \\$a11205$b40$c20190711$lBLL01$h1532
=LKR  \\$aPAR$b009225343$lBLL01$nRevue pratique du froid et du conditionnement d'air$mRPF MAD$r78000

