=LDR  01328 as a2200397 i 4500
=001  019478924
=003  Uk
=005  20190724143522.0
=007  ta
=008  190724c20189999enkar\\\\\\\\\0\\\a0eng\\
=015  \\$aGBB9C8300$2bnb
=040  \\$aUk$beng$cUk$erda
=042  \\$aukblsr
=082  04$a624.193025$223
=130  0\$aTunnels and tunnelling buyer's guide (2018)
=245  10$aTunnels and tunnelling buyer's guide.
=246  14$aTunnels and tunnelling
=246  13$aTunnels buyer's guide
=264  \1$aCrossways, Kent :$bCompelo Ltd,$c[2018]-
=300  \\$c21 cm
=310  \\$aAnnual
=336  \\$atext$2rdacontent
=337  \\$aunmediated$2rdamedia
=338  \\$avolume$2rdacarrier
=362  0\$a2018-
=650  \0$aTunneling$vDirectories.
=650  \0$aTunnels$xDesign and construction$vDirectories.
=780  00$tTunnels buyer's guide
=852  11$aBritish Library$bSTI$cBIPC$k(B) DIR$h624.193025$mBusiness$32018-***Current issue
=852  41$aBritish Library$bHMNTS$jZK.9.a.16628$32018-***Earlier issues
=985  \\$aAnnual using an ISBN, so new ISSN not assigned.
=CAT  \\$a5997$b40$c20190724$lBLL01$h1435
=FIN  \\$aY$d20190724
=FMT  \\$a  SE
=LAS  \\$a5997$b40$c20190724$lBLL01$h1435
=LKR  \\$aPAR$b016817858$lBLL01$nTunnels buyer's guide$mTunnels and tunnelling buyer's guide$r78000

