=LDR  02232 as a2200421 i 4500
=001  019535110
=003  Uk
=005  20200207143511.0
=007  ta
=008  190904d1870200ustkwr\n\\\\\\\0\\\a0eng\\
=040  \\$aUk$beng$cUk$erda
=042  \\$aukblsr
=082  04$a072.9147$223
=245  04$aThe Galloway gazette.
=264  \1$aNewton Stewart :$bPrinted and published for the proprietors at the Galloway Gazette Office, by Roderick Innes,$c[1870]-
=264  31$aNewton Stewart :$b"Galloway Gazette" Ltd.
=300  \\$billustrations (black and white)
=310  \\$aWeekly
=336  \\$atext$2rdacontent
=337  \\$aunmediated$2rdamedia
=338  \\$avolume$2rdacarrier
=362  1\$aBegan with volume 1, number 1 (Saturday, June 11, 1870).
=588  \\$aDescription based on: [surrogate] volume 14, number 705 (Saturday, January 5, 1884).
=588  \\$aLatest issue consulted: [surrogate] volume 83, number 4,293 (Saturday, December 27, 1952).
=730  0\$aGalloway gazette and Stranraer news.$sMachars and Stewartry ed.$x1477-8750.$5Uk
=785  06$tGalloway gazette and Stranraer news$c(Machars and Stewartry ed.)$x1477-8750
=785  06$tGalloway gazette and Stranraer news$c(Stranraer & Rhins ed.)$x1477-8769
=852  41$31870-1985$aBritish Library$bNPL$jNEWS16323
=866  \\$aNewspapers: 1874-1876, 1879-1892, 1895-1923, 1926, 1929-1930, 1932-1945, 1949-1957, 1959-1965, 1967- ; Print issues are not available for conservation reasons where an alternative format exists. See separate record for microfilm holdings.
=985  \\$aISSN has different main title "Galloway gazette and Stranraer news" - plus 2 editions dating from 2002. New ISSN assigned to Galloway gazette - Castle Douglas ed. 2009. NPL sequence does not match with ISSN -DO NOT MERGE RECORDS! NEED TO SEE THIS FOR CATALOGUING - EDITION DETERMINATION. MBrook.
=CAT  \\$a8323$b40$c20190904$lBLL01$h0931
=CAT  \\$a8323$b40$c20190904$lBLL01$h1126
=CAT  \\$a8323$b40$c20190904$lBLL01$h1137
=CAT  \\$a8323$b40$c20200207$lBLL01$h1435
=FIN  \\$aY$d20190904
=FMT  \\$a  SE
=LAS  \\$a8323$b40$c20200207$lBLL01$h1435
=LKR  \\$aPAR$lBLL01$r776$nThe Galloway gazette (Microfilm)$mThe Galloway gazette (Print)$b013893521

