=LDR  01790cas a2200481 i 4500
=001  019548680
=003  Uk
=005  20201005123702.0
=006  m\\\\\\\\d\|\\\\\\
=007  cr||||||||||||
=008  190920c20199999be\ar\p\o\\\\\0\\\a0eng\\
=022  0\$a2633-2051
=040  \\$aUk$beng$cUk$erda
=042  \\$aukblsr
=082  04$a327.17094$223
=222  \4$aThe greater European journal
=245  04$aThe greater European journal.
=264  \1$aHeslington, York :$bInstitute for a Greater Europe
=264  31$32020-$b[Ixelles, Belgium] :$bInstitute for a Greater Europe
=300  \\$billustrations (colour), maps (colour)
=310  \\$aAnnual
=336  \\$atext$2rdacontent
=337  \\$acomputer$2rdamedia
=338  \\$aonline resource$2rdacarrier
=362  0\$aVolume 1, number 1 (Sep 2019)-
=500  \\$aTitle from PDF cover (publisher's Web site, viewed November 20, 2019).
=588  \\$aLatest issue consulted: volume 2, number 1 (2020) (viewed October 2, 2020).
=650  \0$aEuropean cooperation$vPeriodicals.
=651  \0$aEurope$xForeign relations$vPeriodicals.
=710  2\$aInstitute for a Greater Europe,$eissuing body.
=852  41$aBritish Library$bHMNTS$jELD Digital store$3Volume 1:Number 1(2019)-
=856  40$uhttps://www.institutegreatereurope.com/$zFollow links to resource
=859  \\$aELD$bejournal
=985  \\$aISSN transferred to ISSN Belgium (05/10/20)
=CAT  \\$a10973$b40$c20190920$lBLL01$h1155
=CAT  \\$a8483$b40$c20191120$lBLL01$h1403
=CAT  \\$a11315$b40$c20200107$lBLL01$h1123
=CAT  \\$a10806$b40$c20201002$lBLL01$h1000
=CAT  \\$a10806$b40$c20201005$lBLL01$h1237
=FIN  \\$aY$d20190920
=FMT  \\$a  SE
=LAS  \\$a10806$b40$c20201005$lBLL01$h1237
=LET  \4$aThe Greater European journal (Electronic)

