=LDR  02484cas a2200649 i 4500
=001  019606219
=003  Uk
=005  20221231145505.0
=006  m\\\\\|\\d\|\\\\\\
=007  cr\|||||||||||
=008  191108c20209999enkfr\p\o\\\\\0\\\a0eng\\
=015  \\$aGBC103130$2bnb
=022  0\$a2688-3600
=037  \\$aISSN_26883597_21$bPortico$nTaylor & Francis
=040  \\$aUk$beng$cUk$erda
=042  \\$aukblsr
=082  04$a307.1405$223
=245  00$aLocal development & society.
=246  3\$aLocal development and society
=264  \1$a[Abingdon, Oxford] :$bRoutledge, Taylor & Francis Group,$c2020-
=310  \\$aSemiannual
=336  \\$atext$2rdacontent
=337  \\$acomputer$2rdamedia
=338  \\$aonline resource$2rdacarrier
=362  0\$aVolume 1, issue 1 (2020)-
=500  \\$aTitle from PDF caption (Taylor & Francis online, viewed January 21, 2021).
=540  \\$aCurrent copyright fee: GBP37.00$c2\0$5Uk
=588  \\$aLatest issue consulted: volume 1, issue 2 (2020) (viewed January 21, 2021).
=650  \0$aCommunity development$vPeriodicals.
=650  \0$aCommunity development$zUnited States$vPeriodicals.
=690  7\$aSocial Welfare$2blcoll
=710  2\$aCommunity Development Society,$eissuing body.
=852  41$aBritish Library$bHMNTS$jELD Digital store$3Volume 1:Issue 1(2020)-
=856  \\$31850-9999$uhttp://www.tandfonline.com/$xBLDSS
=856  40$uhttps://www.tandfonline.com/loi/rlds20
=859  \\$aELD$bejournal
=945  \\$aLocal development and society
=979  \\$aBritish Library$bDSC$j5290.011050N
=985  \\$aWork record on ISSN Portal. Please add 222 (key title) when validated.
=CAT  \\$a11450$b40$c20191108$lBLL01$h1125
=CAT  \\$a9667$b40$c20200930$lBLL01$h0924
=CAT  \\$a3072$b40$c20210121$lBLL01$h1440
=CAT  \\$aBATCH-SWP$c20210129$lBLL01$h2221
=CAT  \\$a5552$b40$c20211011$lBLL01$h1127
=CAT  \\$aBLDSS-3PM$b00$c20211020$lBLL01$h0847
=CAT  \\$aBATCH-UPD$b00$c20211020$lBLL01$h0848
=CAT  \\$aBATCH-UPD$b00$c20221121$lBLL01$h1350
=CAT  \\$aIPL-CLA$c20221231$lBLL01$h1455
=CFI  0\$aCurrent copyright fee: GBP37.00$c2\0$e01-jan-2023$fGBP37.00$g0$hP$5Uk
=CFI  2\$aPrevious copyright fee: GBP35.00$c2\0$e11-oct-2021$fGBP35.00$g0$hP$5Uk
=FFP  \\$aY$bBLDSS-3PM
=FIN  \\$aY$d0210121
=FMT  \\$a  SE
=LAS  \\$aIPL-CLA$b00$c20221231$lBLL01$h1455
=LET  \0$aLocal development & society (Electronic)
=MNI  \\$a2688-3597
=TOC  \\$aETOC

