=LDR  02547cas a2200673 i 4500
=001  019606226
=003  Uk
=005  20221231145505.0
=006  m\\\\\|\\d\|\\\\\\
=007  cr\|||||||||||
=008  191108c20209999xxufr\p\o\\\\\0\\\a0eng\\
=015  \\$aGBC103134$2bnb
=022  0\$a2688-4682
=037  \\$aISSN_26884674_21$bPortico$nTaylor & Francis
=040  \\$aUk$beng$cUk$erda
=042  \\$aukblsr
=082  04$a307.76089$223
=245  00$aJournal of race, ethnicity and the city.
=264  \1$a[Philadelphia, Pennsylvania?] :$bRoutledge, Taylor & Francis Group
=310  \\$aTwice a year
=336  \\$atext$2rdacontent
=337  \\$acomputer$2rdamedia
=338  \\$aonline resource$2rdacarrier
=362  0\$aVolume 1, issue 1-2 (2020)-
=500  \\$aTitle from PDF caption (Taylor & Francis online, viewed January 21, 2021).
=540  \\$aCurrent copyright fee: GBP37.00$c2\0$5Uk
=650  \0$aSociology, Urban$vPeriodicals.
=650  \0$aUrban minorities$vPeriodicals.
=650  \0$aRace relations$vPeriodicals.
=650  \0$aRacism$vPeriodicals.
=650  \0$aCities and towns$vPeriodicals.
=690  7\$aSocial Welfare$2blcoll
=710  2\$aUrban Affairs Association (U.S.),$eissuing body.
=852  41$aBritish Library$bHMNTS$jELD Digital store$3Volume 1:Number 1/2(2020)-
=856  \\$31850-9999$uhttp://www.tandfonline.com/$xBLDSS
=856  40$uhttps://www.tandfonline.com/loi/urec20
=859  \\$aELD$bejournal
=945  \\$aJournal of race ethnicity and the city
=979  \\$aBritish Library$bDSC$j5043.775000N
=985  \\$aWork record on ISSN Portal. Please add 222 (key title) when validated.
=CAT  \\$a11450$b40$c20191108$lBLL01$h1131
=CAT  \\$a14586$b40$c20201102$lBLL01$h1423
=CAT  \\$a3072$b40$c20210121$lBLL01$h1624
=CAT  \\$aBATCH-SWP$c20210129$lBLL01$h2221
=CAT  \\$a5552$b40$c20210720$lBLL01$h1224
=CAT  \\$a5552$b40$c20210720$lBLL01$h1225
=CAT  \\$aBLDSS-3PM$b00$c20210728$lBLL01$h1451
=CAT  \\$aBATCH-UPD$b00$c20210728$lBLL01$h1451
=CAT  \\$aBATCH-UPD$b00$c20221121$lBLL01$h1350
=CAT  \\$aIPL-CLA$c20221231$lBLL01$h1455
=CFI  0\$aCurrent copyright fee: GBP37.00$c2\0$e01-jan-2023$fGBP37.00$g0$hP$5Uk
=CFI  2\$aPrevious copyright fee: GBP35.00$c2\0$e20-jul-2021$fGBP35.00$g0$hP$5Uk
=FFP  \\$aY$bBLDSS-3PM
=FIN  \\$aY$d20210121
=FMT  \\$a  SE
=LAS  \\$aIPL-CLA$b00$c20221231$lBLL01$h1455
=LET  \0$aJournal of race, ethnicity and the city (Electronic)
=MNI  \\$a2688-4674
=TOC  \\$aETOC

