=LDR  03195cas a2200769 i 4500
=001  019612412
=003  Uk
=005  20221231145506.0
=006  m\\\\\|\\d\|\\\\\\
=007  cr\|||||||||||
=008  191114c20189999enktr\p\o\\\\\0\\\a0eng\\
=015  \\$aGBC0I1902$2bnb
=022  \\$a2472-1743
=037  \\$aISSN_24721735_21$nTaylor & Francis$bPortico
=040  \\$aUk$beng$cUk$erda
=042  \\$aukblsr
=082  04$a613.12205$223
=245  00$aInternational journal of spa and wellness.
=246  30$aIJS&W
=264  \1$a[Abingdon] :$bRoutledge, Taylor & Francis Group,$c[2018]-
=300  \\$billustrations (black and white)
=310  \\$aThree times a year
=336  \\$atext$2rdacontent
=337  \\$acomputer$2rdamedia
=338  \\$aonline resource$2rdacarrier
=362  0\$aVol. 1, no. 1 (2018)-
=500  \\$aTitle from PDF article caption (Taylor & Francis online, viewed November 19, 2020).
=540  \\$aCurrent copyright fee: GBP37.00$c2\0$5Uk
=588  \\$aLatest issue consulted: vol. 2, no. 3 (2019) (viewed November 19, 2020).
=650  \0$aHealth resorts$vPeriodicals.
=650  \0$aHealth resorts$xManagement$vPeriodicals.
=650  \0$aWell-being$vPeriodicals.
=650  \0$aSelf-care, Health$vPeriodicals.
=650  \0$aLifestyles$xHealth aspects$vPeriodicals.
=776  08$iAlso issued in print as:$tInternational journal of spa and wellness$x2472-1735
=852  41$aBritish Library$bHMNTS$jELD Digital store$3Volume 1:Issue 1(2018)-***Previous issues available in print copy
=856  \\$31850-9999$uhttp://www.tandfonline.com/$xBLDSS
=856  40$uhttps://www.tandfonline.com/loi/rspa20
=859  \\$aELD$bejournal
=945  \\$aInternational journal of spa and wellness
=979  \\$aBritish Library$bDSC$j4542.652500N
=985  \\$aWork record on ISSN Portal. Please add 222 (key title) when validated.
=ACF  \\$aPrevious copyright fee: GBP32.00$c2\0$e09-dec-2019$fGBP32.00$g0$hP$5Uk
=ACF  \\$aPrevious copyright fee: GBP34.00$c2\0$e01-jan-2020$fGBP34.00$g0$hP$5Uk
=CAT  \\$a11450$b40$c20191114$lBLL01$h1106
=CAT  \\$a5552$b40$c20191209$lBLL01$h1128
=CAT  \\$aBLDSS-3PM$b00$c20191218$lBLL01$h1021
=CAT  \\$aBATCH-UPD$b00$c20191218$lBLL01$h1022
=CAT  \\$a5410$b40$c20191231$lBLL01$h1448
=CAT  \\$a5410$b40$c20191231$lBLL01$h1449
=CAT  \\$aIPL-CLA$c20191231$lBLL01$h2046
=CAT  \\$a5410$b40$c20200107$lBLL01$h1611
=CAT  \\$a9667$b40$c20200930$lBLL01$h0921
=CAT  \\$aBATCH-UPD$b40$c20201118$lBLL01$h1337
=CAT  \\$a3072$b40$c20201119$lBLL01$h1731
=CAT  \\$aIPL-CLA$c20201231$lBLL01$h1534
=CAT  \\$aBATCH-UPD$b00$c20221121$lBLL01$h1350
=CAT  \\$aIPL-CLA$c20221231$lBLL01$h1455
=CFI  0\$aCurrent copyright fee: GBP37.00$c2\0$e01-jan-2023$fGBP37.00$g0$hP$5Uk
=CFI  2\$aPrevious copyright fee: GBP35.00$c2\0$e01-jan-2021$fGBP35.00$g0$hP$5Uk
=FFP  \\$aY$bBLDSS-3PM
=FIN  \\$aY$d20201119
=FMT  \\$a  SE
=LAS  \\$aIPL-CLA$b00$c20221231$lBLL01$h1455
=LKR  \\$aPAR$b019113571$lBLL01$r776$mInternational journal of spa and wellness.$nInternational journal of spa and wellness.
=MNI  \\$a2472-1735
=TOC  \\$aETOC

