=LDR  01887cas a2200553 i 4500
=001  019612428
=003  Uk
=005  20200316130903.0
=006  m\\\\\\\\d\\\\\\\\
=007  cr\|||||||||||
=008  191114c20209999ne\fr\p\s\\\\\0\\\a0eng\\
=022  \\$a2665-959X
=040  \\$aUk$beng$cUk$erda
=042  \\$aukblsr
=082  04$a410.7$223
=245  00$aPedagogical Linguistics.
=264  \1$aAmsterdam :$bJohn Benjamins Publishing Company,$c2020-
=310  \\$aSemiannual
=336  \\$atext$2rdacontent
=337  \\$acomputer$2rdamedia
=338  \\$aonline resource$2rdacarrier
=362  0\$a1:1 (2020)-
=500  \\$aTitle from journal homepage (John Benjamins Publishing Company website, viewed March 16, 2020).
=538  \\$aMode of access: World Wide Web.
=540  \\$aCurrent copyright fee: GBP20.00$c78\0$5Uk
=650  \0$aLinguistics$vPeriodicals.
=650  \0$aLanguage and languages$xStudy and teaching$vPeriodicals.
=852  \\$aBritish Library$bDSC$j6417.266700$3Volume 1:Issue 1(2020)-
=856  40$31850-9999$uhttp://benjamins.com$xBLDSS
=856  40$uhttps://benjamins.com/catalog/pl
=945  \\$aPedagogical Linguistics
=959  \\$fCurrently received
=985  \\$aPlease add 222 when ISSN confirmed (16/03/20)
=CAT  \\$a12654$b40$c20191114$lBLL01$h1115
=CAT  \\$aBATCH-UNOA$c20191120$lBLL01$h0133
=CAT  \\$a5410$b40$c20191121$lBLL01$h0937
=CAT  \\$aBLDSS-3PM$b00$c20191121$lBLL01$h1516
=CAT  \\$aBATCH-UPD$b00$c20191121$lBLL01$h1518
=CAT  \\$a10806$b40$c20200316$lBLL01$h1214
=CAT  \\$a10806$b40$c20200316$lBLL01$h1309
=CFI  0\$aCurrent copyright fee: GBP20.00$c78\0$e14-nov-2019$fGBP20.00$g0$hP$5Uk
=EST  \\$a1
=FFP  \\$aY$bBLDSS-3PM
=FIN  \\$aY$d20200316
=FMT  \\$a  SE
=LAS  \\$a10806$b40$c20200316$lBLL01$h1309
=MNI  \\$a2665-9581
=TOC  \\$aETOC
=UNO  \\$aY

