=LDR  03582cas a2200877 i 4500
=001  019612481
=003  Uk
=005  20221231145506.0
=006  m\\\\\\\\d\|\\\\\\
=007  cr\|||||||||||
=008  191112c20199999enkfr\\\o\\\\\0\\\a0eng\\
=015  \\$aGBC103135$2bnb
=022  \\$a2578-7128
=037  \\$aISSN_2578711X_21$bPortico$nTaylor & Francis
=040  \\$aUk$beng$cUk$erda
=042  \\$aukblsr
=082  04$a338.9$223
=245  00$aRegional studies policy impact books.
=264  \1$a[Abingdon, Oxfordshire] :$bRoutledge, Taylor & Francis Group,$c2019-
=310  \\$aTwice yearly
=336  \\$atext$2rdacontent
=337  \\$acomputer$2rdamedia
=338  \\$aonline resource$2rdacarrier
=362  0\$aVolume 1, issue 1 (2019)-
=500  \\$aTitle from PDF article running title (Taylor & Francis online, viewed January 21, 2021).
=540  \\$aCurrent copyright fee: GBP37.00$c2\0$5Uk
=588  \\$aLatest issue consulted: volume 2, issue 2 (2020) (viewed January 21, 2021).
=648  \7$a2000-2099$2fast
=650  \0$aRegional planning$zEuropean Union countries.
=650  \7$aPolitics and government.$2fast$0(OCoLC)fst01919741
=650  \7$aRegional planning.$2fast$0(OCoLC)fst01093120
=651  \0$aEurope$xPolitics and government$y21st century.
=651  \7$aEurope.$2fast$0(OCoLC)fst01245064
=651  \7$aEuropean Union countries.$2fast$0(OCoLC)fst01269470
=690  7\$aManagement and Business Studies$2blcoll
=710  2\$aRegional Studies Association (Seaford, England)
=852  41$aBritish Library$bHMNTS$jELD Digital store$3Volume 1:Issue 1(2019)-
=856  40$uhttps://www.tandfonline.com/loi/rpim20
=856  40$31850-9999$uhttp://www.tandfonline.com/$xBLDSS
=859  \\$aELD$bejournal
=945  \\$aRegional studies policy impact books.
=959  \\$fNot currently received
=979  \\$aBritish Library$bDSC$j7336.735500N
=985  \\$aRegional studies policy impact books.
=985  \\$aWork record on ISSN Portal. Please add 222 (key title) when validated.
=ACF  \\$aPrevious copyright fee: GBP32.00$c2\0$e10-sep-2019$fGBP32.00$g0$hP$5Uk
=ACF  \\$aPrevious copyright fee: GBP34.00$c2\0$e01-jan-2020$fGBP34.00$g0$hP$5Uk
=CAT  \\$a10806$b40$c20191114$lBLL01$h1157
=CAT  \\$a10806$b40$c20191114$lBLL01$h1158
=CAT  \\$a11450$b40$c20191114$lBLL01$h1309
=CAT  \\$a11450$b40$c20191114$lBLL01$h1310
=CAT  \\$aBATCH-UPD$b40$c20191122$lBLL01$h1903
=CAT  \\$aIPL-CLA$c20191231$lBLL01$h2046
=CAT  \\$a5410$b40$c20200316$lBLL01$h1436
=CAT  \\$a5410$b40$c20200316$lBLL01$h1437
=CAT  \\$a5410$b40$c20200316$lBLL01$h1441
=CAT  \\$a5410$b40$c20200316$lBLL01$h1444
=CAT  \\$a5410$b40$c20200316$lBLL01$h1445
=CAT  \\$a5410$b40$c20200318$lBLL01$h1059
=CAT  \\$a5410$b40$c20200318$lBLL01$h1100
=CAT  \\$a15020$b40$c20201002$lBLL01$h0745
=CAT  \\$aBATCH-UPD$b40$c20201118$lBLL01$h1337
=CAT  \\$aIPL-CLA$c20201231$lBLL01$h1534
=CAT  \\$a3072$b40$c20210121$lBLL01$h1652
=CAT  \\$aBATCH-MBS$c20210129$lBLL01$h2140
=CAT  \\$aBATCH-UPD$b00$c20221121$lBLL01$h1350
=CAT  \\$aIPL-CLA$c20221231$lBLL01$h1455
=CFI  0\$aCurrent copyright fee: GBP37.00$c2\0$e01-jan-2023$fGBP37.00$g0$hP$5Uk
=CFI  2\$aPrevious copyright fee: GBP35.00$c2\0$e01-jan-2021$fGBP35.00$g0$hP$5Uk
=FFP  \\$aY$bBLDSS-3PM
=FIN  \\$aY$d20210121
=FMT  \\$a  SE
=LAS  \\$aIPL-CLA$b00$c20221231$lBLL01$h1455
=LET  \0$aRegional studies policy impact books (Electronic)
=MNI  \\$a2578-711X
=TOC  \\$aETOC

