=LDR  02137cas a2200589 i 4500
=001  019626916
=003  Uk
=005  20201111121900.0
=006  m\\\\\|\\d\|\\\\\\
=007  cr\|||||||||||
=008  191128c20209999gw\uu\p\o\\\\\0\\\a0eng\\
=015  \\$aGBC0H7489$2bnb
=022  \\$a2628-5452
=037  \\$aISSN_26285452_2$bPortico$nWiley
=040  \\$aUk$beng$cUk$erda
=042  \\$aukblsr
=082  04$a543$223
=245  00$aAnalytical Science Advances.
=264  \1$aWeinheim :$bWiley-VCH Verlag GmbH
=300  \\$billustrations (black and white, and colour)
=336  \\$atext$2rdacontent
=337  \\$acomputer$2rdamedia
=338  \\$aonline resource$2rdacarrier
=362  0\$aVolume 1, issue 1 (June 2020)-
=500  \\$aTitle from PDF caption (Wiley Online Web site, viewed November 11, 2020).
=540  \\$aCurrent Copyright Fee: zero$c35\0$5Uk
=588  \\$aLatest issue consulted: volume 1, isue 3 (October 2020) (viewed November 11, 2020).
=650  \0$aChemistry, Analytic$vPeriodicals.
=650  \0$aScience$vPeriodicals.
=852  41$aBritish Library$bHMNTS$jELD Digital store$3Volume 1:Issue 1(2020)-
=856  40$31850-9999$uhttp://onlinelibrary.wiley.com/$xBLDSS
=856  40$uhttps://onlinelibrary.wiley.com/loi/26285452
=859  \\$aELD$bejournal
=945  \\$aAnalytical Science Advances.
=979  \\$aBritish Library$cDSC$j0897.138070N
=985  \\$aISSN currently provisional on Portal (ED 11/11/20).
=CAT  \\$a15001$b40$c20191128$lBLL01$h1410
=CAT  \\$a5552$b40$c20191204$lBLL01$h1336
=CAT  \\$aIPL-CLA$c20191231$lBLL01$h2046
=CAT  \\$aBLDSS-3PM$b00$c20200108$lBLL01$h0849
=CAT  \\$aBATCH-UPD$b00$c20200108$lBLL01$h0849
=CAT  \\$a5410$b40$c20200114$lBLL01$h1547
=CAT  \\$a14586$b40$c20200904$lBLL01$h1003
=CAT  \\$a8483$b40$c20201111$lBLL01$h1219
=CFI  0\$aCurrent Copyright Fee: zero$c35\0$e01-jan-2020$fGBP0.00$g0$hP$5Uk
=FFP  \\$aY$bBLDSS-3PM
=FIN  \\$aY$d20201111
=FMT  \\$a  SE
=LAS  \\$a8483$b40$c20201111$lBLL01$h1219
=LET  \0$aAnalytical Science Advances (Electronic)
=TOC  \\$aETOC
=UNO  \\$aY

