=LDR  02201cas a2200601 i 4500
=001  019638604
=003  Uk
=005  20201215095340.0
=006  m\\\\\|\\d\|\\\\\\
=007  cr\|||||||||||
=008  191206c20209999xxuqr\p\o\\\\\0\\\a0eng\\
=015  \\$aGBC0J6392$2bnb
=022  \\$a2642-3561
=037  \\$aISSN_26423561_2$bPortico$nWiley
=040  \\$aUk$beng$cUk$erda
=042  \\$aukblsr
=082  04$a616.99436$223
=245  00$aLiver Cancer International.
=264  \1$a[Hoboken, New Jersey?] :$bJohn Wiley & Sons Ltd
=300  \\$billustrations (black and white, and colour)
=310  \\$aQuarterly
=336  \\$atext$2rdacontent
=337  \\$acomputer$2rdamedia
=338  \\$aonline resource$2rdacarrier
=362  0\$aVolume 1, issue 1 (July 2020)-
=500  \\$aTitle from PDF cover (Wiley Online, viewed December 15, 2020).
=540  \\$aCurrent Copyright Fee: GBP32.00$c35\0$5Uk
=588  \\$aLatest issue consulted: volume 1, issue 1 (October 2020), viewed December 15, 2020.
=650  \0$aLiver$xCancer$vPeriodicals.
=852  41$aBritish Library$bHMNTS$jELD Digital store$3Volume 1:Issue 1(2020)-
=856  40$31850-9999$uhttp://onlinelibrary.wiley.com/$xBLDSS
=856  40$uhttps://onlinelibrary.wiley.com/loi/26423561
=859  \\$aELD$bejournal
=945  \\$aLiver Cancer International.
=979  \\$aBritish Library$bDSC$j5280.512550N
=985  \\$aISSN record still provisional on Portal at time of upgrade (ED 15/12/20).
=CAT  \\$a15020$b40$c20191206$lBLL01$h1409
=CAT  \\$a15020$b40$c20191206$lBLL01$h1410
=CAT  \\$a5552$b40$c20200114$lBLL01$h0902
=CAT  \\$aBLDSS-3PM$b00$c20200124$lBLL01$h0859
=CAT  \\$aBATCH-UPD$b00$c20200124$lBLL01$h0901
=CAT  \\$a5410$b40$c20200130$lBLL01$h0905
=CAT  \\$a9667$b40$c20200930$lBLL01$h0926
=CAT  \\$a15020$b40$c20201023$lBLL01$h1436
=CAT  \\$a8483$b40$c20201215$lBLL01$h0953
=CFI  0\$aCurrent Copyright Fee: zero$c35\0$e14-jan-2020$fGBP0.00$g0$hP$5Uk
=FFP  \\$aY$bBLDSS-3PM
=FIN  \\$aY$d20201215
=FMT  \\$a  SE
=LAS  \\$a8483$b40$c20201215$lBLL01$h0953
=LET  \0$aLiver cancer international (Electronic)
=TOC  \\$aETOC
=UNO  \\$aY

