=LDR  03397cas a2200841 a 4500
=001  019672713
=003  Uk
=005  20210526085816.0
=006  m\\\\\o\\d\\\\\\\\
=007  cr\|||||||||||
=008  070613c20059999njuuu\\so\\\\\0\\\a0eng\\
=010  \\$a  2007214405
=015  \\$aGBC145478$2bnb
=016  7\$a2251888-5$2DE-600
=022  0\$a1938-6737$l1938-5862
=030  \\$aECSTF8
=035  \\$a(OCoLC)144441365
=037  \\$aISSN_19385862_17$bPortico$nInstitute of Physics Publishing
=040  \\$aNSD$beng$cNSD$dNSD$dOCLCS$dAU@$dKSU$dDLC$dOCLCQ$dDEBSZ$dOCLCQ$dOCLCF$dOCLCO$dOCLCQ$dUk
=042  \\$aukblsr
=050  14$aQD551$b.E522
=082  04$a541.37$223
=222  \0$aECS transactions$b(Online)
=245  00$aECS transactions.
=246  13$aElectrochemical Society transactions
=260  \\$aPennington, N.J. :$bElectrochemical Society
=264  31$aBristol :$bIOP Publishing
=310  \\$aFour no. a year
=336  \\$atext$2rdacontent
=337  \\$acomputer$2rdamedia
=338  \\$aonline resource$2rdacarrier
=362  1\$aBegan in 2005.
=500  \\$a"ECS Transactions is the official conference proceedings publication of The Electrochemical Society ... features full-text content of proceedings from ECS meetings and ECS-sponsored meetings".
=540  \\$aCurrent copyright fee: GBP30.00$c46\0$5Uk
=588  \\$aDescription based on: Vol. 1, issue 4 (2005); title from banner (viewed publisher's Web site, June 5, 2007).
=588  \\$aLatest issue consulted: volume101, number 1 (2021) (IOP Science, viewed March 23, 2021).
=650  \0$aElectrochemistry$vPeriodicals.
=650  \7$aElectrochemistry.$2fast$0(OCoLC)fst00906371
=655  \7$aPeriodicals.$2fast$0(OCoLC)fst01411641
=655  \0$aElectronic journals.
=655  \4$aElectronic journal.
=710  2\$aElectrochemical Society.
=776  08$iPrint version:$tECS transactions$x1938-5862
=776  08$iCD-ROM version:$tECS transactions$x2151-2051
=852  41$aBritish Library$bHMNTS$jELD Digital store$3Volume 98:Number 2(2020)-
=856  \\$31850-9999$uhttp://www.electrochem.org/$xBLDSS
=856  40$uhttp://ecsdl.org/ECST/
=856  40$uhttp://rzblx1.uni-regensburg.de/ezeit/warpto.phtml?colors=7&jour_id=81944
=856  40$uhttps://iopscience.iop.org/journal/1938-5862
=859  \\$aELD$bejournal
=945  \\$aECS transactions
=979  \\$aBritish Library$bDSC$j3659.633050
=985  \\$aISSN transfer from U.S. to UK in progress (Richard, 24/03/21)
=CAT  \\$a14586$b40$c20200113$lBLL01$h1723
=CAT  \\$a3072$b40$c20210323$lBLL01$h1252
=CAT  \\$a3072$b40$c20210323$lBLL01$h1423
=CAT  \\$a10806$b40$c20210324$lBLL01$h0837
=CAT  \\$a10806$b40$c20210324$lBLL01$h0839
=CAT  \\$a8055$b40$c20210518$lBLL01$h1232
=CAT  \\$a8055$b40$c20210518$lBLL01$h1351
=CAT  \\$aBATCH-UNOA$c20210518$lBLL01$h2107
=CAT  \\$aBLDSS-3PM$b00$c20210526$lBLL01$h0858
=CAT  \\$aBATCH-UPD$b00$c20210526$lBLL01$h0858
=CFI  0\$aCurrent copyright fee: GBP30.00$c46\0$e18-may-2021$fGBP30.00$g0$hP$5Uk
=FFP  \\$aY$bBLDSS-3PM
=FIN  \\$aY$d20210323
=FMT  \\$a  SE
=LAS  \\$aBATCH-UPD$b00$c20210526$lBLL01$h0858
=LET  \0$aECS transactions (Electronic)
=LKR  \\$aPAR$b013442247$lBLL01$r776$mECS transactions (Online)$nECS transactions (Print)
=MNI  \\$a1938-5862
=SRC  \\$aBLL02
=UNO  \\$aY

