=LDR  03111cas a2200553 i 4500
=001  019706432
=003  Uk
=005  20220712090309.0
=006  m\\\\\|\\d\|\\\\\\
=007  cr\|||||||||||
=008  200206c201u9999wlkar\\\o\s\\o0\\\a0eng\\
=015  \\$aGBC021408$2bnb
=040  \\$aUk$beng$cUk$erda
=042  \\$aukblsr
=082  04$a339.341$223
=130  0\$aUnited Kingdom national accounts : the blue book (Compendium)
=245  10$aUK national accounts, The blue book :$bnational accounts statistics including national and sector accounts, industrial analyses and environmental accounts.
=246  30$aBlue book
=264  \1$a[Newport] :$bOffice for National Statistics
=336  \\$atext$2rdacontent
=337  \\$acomputer$2rdamedia
=338  \\$aonline resource$2rdacarrier
=500  \\$aAt head of title: Compendium.
=505  0\$aChapters: An introduction to the UK national accounts -- National accounts at a glance -- The industrial analyses -- Non-financial corporations -- Financial corporations -- General government -- Households and non-profit institutions serving households -- Rest of the world -- Gross fixed capital formation supplementary tables -- National balance sheet -- Public sector supplementary tables -- Statistics for European purposes -- Environmental accounts -- Flow of funds -- Flow of funds -- Background notes.
=588  \\$aFull version of "United Kingdom National Accounts : The Blue Book" published by Dandy Booksellers, are catalogued as monographs in BL.$5Uk
=588  \\$aDescription based on: 2019 issue.
=650  \0$aNational income$zGreat Britain$xAccounting$vStatistics$vPeriodicals.
=650  \0$aExpenditures, Public$zGreat Britain$vStatistics$vPeriodicals.
=650  \0$aFinance, Public$zGreat Britain$vStatistics$vPeriodicals.
=650  \0$aEconomic indicators$zGreat Britain$vPeriodicals.
=651  \1$aGreat Britain$xAppropriations and expenditures$vStatistics$vPeriodicals.
=690  7\$aManagement and Business Studies$2blcoll
=710  1\$aGreat Britain.$bOffice for National Statistics,$eissuing body.
=787  0\$tGDP revisions in Blue Book
=852  41$aBritish Library$bHMNTS$jELD Digital store$3(2014)-
=856  40$uhttps://www.ons.gov.uk/economy/grossdomesticproductgdp/compendium/unitedkingdomnationalaccountsthebluebook/previousReleases
=859  \\$aELD$bejournal
=985  \\$aDifferent from ISSN record at 014898738 for the full version - 340 pages, now morphed into Dandy monos; this "compendium" one is only 88 pages - possibly began with 2014 ed. but can't open 2014-2018 issues to base description on those.
=CAT  \\$a3072$b40$c20200206$lBLL01$h1339
=CAT  \\$a3072$b40$c20200206$lBLL01$h1341
=CAT  \\$a3072$b40$c20200206$lBLL01$h1344
=CAT  \\$a3072$b40$c20200206$lBLL01$h1352
=CAT  \\$a3072$b40$c20200206$lBLL01$h1354
=CAT  \\$aBATCH-MBS$c20200214$lBLL01$h2119
=CAT  \\$a8124$b40$c20220712$lBLL01$h0903
=FIN  \\$aY$d20200206
=FMT  \\$a  SE
=LAS  \\$a8124$b40$c20220712$lBLL01$h0903
=LET  \0$aUK national accounts, The blue book : Compendium (Electronic)

