=LDR  03680cas a2200913 i 4500
=001  019712142
=003  Uk
=005  20220930143038.0
=006  m\\\\\\\\d\\\\\\\\
=007  cr\|||||||||||
=008  200212c20209999sz\uu\p\s\\\\\0\\\a0eng\\
=015  \\$aGBC0G5942$2bnb
=022  \\$a2673-298X
=040  \\$aUk$beng$cUk$erda
=042  \\$aukblsr
=082  04$a616.8$221
=245  00$aComplex psychiatry.
=264  \1$aBasel :$bS. Karger,$c2020-
=300  \\$billustrations (colour)
=336  \\$atext$2rdacontent
=337  \\$acomputer$2rdamedia
=338  \\$aonline resource$2rdacarrier
=362  0\$aVol. 6, no. 1/2 (October 2020)-
=500  \\$aTitle from PDF header (Publisher's website, viewed October 27, 2020).
=538  \\$aMode of access: World Wide Web.
=540  \\$aCurrent copyright fee: GBP35.00$c24\0$5Uk
=580  \\$aIncludes issues of earlier title: Molecular neuropsychiatry.
=650  \0$aNeuropsychiatry$vPeriodicals.
=650  \0$aNervous system$xDiseases$vPeriodicals.
=776  08$iAlso issued in print as:$tComplex psychiatry$x2673-3005
=780  10$tMolecular neuropsychiatry$x2296-9179
=852  \\$aBritish Library$bDSC$j3364.583600$3Volume 6:Issue 1/2(2020)-***Perpetual access from Vol. 1 (2015)
=856  4\$31850-9999$uhttp://www.karger.com/$xBLDSS
=859  \\$aELD$bejournal
=945  \\$aComplex psychiatry
=959  \\$fCurrently received
=985  \\$aISSN still provisional October 27, 2020
=985  \\$aWFH record (CS) 2020
=ACF  \\$aPrevious copyright fee: GBP31.60$c24\0$e12-feb-2020$fGBP31.60$g0$hP$5Uk
=ACF  \\$aPrevious copyright fee: GBP30.38$c24\0$e01-apr-2020$fGBP30.38$g0$hP$5Uk
=ACF  \\$aPrevious copyright fee: GBP31.60$c24\0$e01-jul-2020$fGBP31.60$g0$hP$5Uk
=ACF  \\$aPrevious copyright fee: GBP33.60$c24\0$e01-jan-2021$fGBP33.60$g0$hP$5Uk
=ACF  \\$aPrevious copyright fee: GBP31.11$c24\0$e01-apr-2021$fGBP31.11$g0$hP$5Uk
=ACF  \\$aPrevious copyright fee: GBP30.00$c24\0$e07-jul-2021$fGBP30.00$g0$hP$5Uk
=CAT  \\$a8055$b40$c20200212$lBLL01$h1138
=CAT  \\$aBATCH-UNOA$c20200219$lBLL01$h0025
=CAT  \\$a5410$b40$c20200219$lBLL01$h1213
=CAT  \\$aBATCH-UPD$b40$c20200219$lBLL01$h1520
=CAT  \\$aBLDSS-3PM$b00$c20200220$lBLL01$h1523
=CAT  \\$aBATCH-UPD$b00$c20200220$lBLL01$h1524
=CAT  \\$a10806$b40$c20200225$lBLL01$h1131
=CAT  \\$aIPL-CLA$c20200331$lBLL01$h1639
=CAT  \\$aBATCH-UPD$b00$c20200522$lBLL01$h1505
=CAT  \\$aIPL-CLA$c20200701$lBLL01$h0126
=CAT  \\$a8124$b40$c20201027$lBLL01$h1445
=CAT  \\$a8124$b40$c20201027$lBLL01$h1446
=CAT  \\$aBATCH-UPD$b40$c20201126$lBLL01$h1124
=CAT  \\$aIPL-CLA$c20201231$lBLL01$h1534
=CAT  \\$aBATCH-UPD$b00$c20210226$lBLL01$h1046
=CAT  \\$aIPL-CLA$c20210331$lBLL01$h1704
=CAT  \\$aBATCH-UPD$b00$c20210707$lBLL01$h1610
=CAT  \\$aIPL-CLA$c20210707$lBLL01$h1845
=CAT  \\$a5552$b40$c20210727$lBLL01$h0810
=CAT  \\$aBATCH-UPD$b40$c20220520$lBLL01$h1649
=CAT  \\$aIPL-CLA$c20220630$lBLL01$h1541
=CAT  \\$aBATCH-UPD$b00$c20220824$lBLL01$h0915
=CAT  \\$aIPL-CLA$c20220930$lBLL01$h1430
=CFI  0\$aCurrent copyright fee: GBP35.00$c24\0$e01-oct-2022$fGBP35.00$g0$hP$5Uk
=CFI  2\$aPrevious copyright fee: GBP33.60$c24\0$e01-jul-2022$fGBP33.60$g0$hP$5Uk
=EST  \\$a1
=FFP  \\$aY$bBLDSS-3PM
=FIN  \\$aY$d20201027
=FMT  \\$a  SE
=LAS  \\$aIPL-CLA$b00$c20220930$lBLL01$h1430
=LET  \0$aComplex psychiatry (Electronic)
=LKR  \\$aPAR$b019054445$lBLL01$r78000$nMolecular neuropsychiatry$mComplex psychiatry
=MNI  \\$a2673-3005
=TOC  \\$aETOC
=UNO  \\$aY

