=LDR  01923cas a22004937i 4500
=001  019844220
=003  Uk
=005  20221018144803.0
=007  ta
=008  200717d20202022enkwr\n\\\\\\\0\\\a0eng\\
=022  \\$y2058-7635
=040  \\$aUk$beng$cUk$dUk$erda
=130  0\$aSalford weekly news (Chadderton, England : 2020)
=245  10$aSalford weekly news.
=246  30$aWeekly news
=246  1\$iSome issues called:$aManchester weekly news - Salford edition
=264  \1$a[Chadderton] :$b[MEN Media],$c[2020-2022]
=300  \\$billustrations (colour)
=310  \\$aWeekly
=336  \\$atext$2rdacontent
=337  \\$aunmediated$2rdamedia
=338  \\$avolume$2rdacarrier
=362  1\$aBegan with Thursday, January 16, 2020 issue.
=362  1\$aCeased in August 2022.
=540  \\$aBritish Library not licensed to copy$c0$5Uk
=588  \\$aDescription based on: [surrogate] Thursday, April 2, 2020 issue.
=651  \0$aSalford (Greater Manchester, England)$vNewspapers.
=651  \0$aGreater Manchester (England)$vNewspapers.
=852  41$32020-24th Mar. (2022)$aBritish Library$bNPL$jNEWS.REG842
=985  \\$aWFH record - will need upgrading and ISSN assignment when issues available to cataloguer (RB, 17/07/2020)
=CAT  \\$a8323$b40$c20200717$lBLL01$h1119
=CAT  \\$a8323$b40$c20200717$lBLL01$h1127
=CAT  \\$a6887$b40$c20210304$lBLL01$h0736
=CAT  \\$a8323$b40$c20210324$lBLL01$h0930
=CAT  \\$aBATCH-CLA$b00$c20210528$lBLL01$h1529
=CAT  \\$aIPL-CLA$c20210704$lBLL01$h1128
=CAT  \\$a8323$b40$c20221018$lBLL01$h1448
=CFI  0\$aBritish Library not licensed to copy$c0$e01-jul-2021$hC$iCFP Excluded$5Uk
=FIN  \\$aY$d20200717
=FMT  \\$a  SE
=LAS  \\$a8323$b40$c20221018$lBLL01$h1448
=LET  \0$aSalford weekly news (Print)
=LKR  \\$aPAR$b017098912$lBLL01$nManchester weekly news (Salford edition)$mSalford weekly news$r78000
=NID  \\$aNID0101357

