=LDR  02583cas a2200529 i 4500
=001  019871422
=003  Uk
=005  20200917112753.0
=006  m\\\\\\\\d\|\\\\\\
=007  cr||||||||||||
=008  200806c20209999enkmr\p\o\\\\\0\\\a0eng\\
=015  \\$aGBC0E0487$2bnb
=022  0\$a2634-4769$202
=040  \\$aUk$beng$cUk$erda
=042  \\$aukblsr
=082  04$a677.0283$223
=222  \0$aSmart textiles & wearables
=245  00$aSmart textiles & wearables :$bat the interface of soft materials and electronics.
=246  3\$aSmart textiles and wearables
=264  \1$aReepham, Norfolk :$bTextile Media Services Ltd
=300  \\$billustrations (colour)
=310  \\$aMonthly
=336  \\$atext$2rdacontent
=337  \\$acomputer$2rdamedia
=338  \\$aonline resource$2rdacarrier
=362  0\$aSeptember 2020-
=500  \\$aTitle from PDF caption.
=580  \\$aPreceded by print title: Smart textiles and nanotechnology.
=650  \0$aSmart materials$vPeriodicals.
=650  \0$aTextile fabrics$xTechnological innovations$vPeriodicals.
=650  \0$aTextile fibers$xTechnological innovations$vPeriodicals.
=650  \0$aWearable technology$vPeriodicals.
=780  10$tSmart textiles and nanotechnology$x1752-2668
=852  41$aBritish Library$bHMNTS$jELD Digital store$3(2020:Sep.)-
=856  40$uhttps://www.textilemedia.com/textile-reports/technical-textiles/new-textile-materials/smart-textiles/$zTo subscribe
=859  \\$aELD$bejournal
=985  \\$aISSN UK Centre note: change of title from 'Smart textiles and nanotechnology' (ISSN 1752-2668) which was a print format publication. Issues up to March 2020 were deposited in print, issues for April-Aug have been sent by the previous publisher as pdfs to LD Books email due to closure of printer in lockdown. Query sent 5/8/20 to LD books and LDO Electronic to see if these were recieved and if they will be used as eld collection items, may need to assign e-issn to former title? (Donna), please add links as necessary. PDF publication only from Sept. 2020 when new publisher takes over and changes title.
=CAT  \\$a10973$b40$c20200806$lBLL01$h1704
=CAT  \\$a10973$b40$c20200806$lBLL01$h1705
=CAT  \\$a8483$b40$c20200917$lBLL01$h1122
=CAT  \\$a8483$b40$c20200917$lBLL01$h1123
=CAT  \\$a8483$b40$c20200917$lBLL01$h1127
=FIN  \\$aY$d20200917
=FMT  \\$a  SE
=LAS  \\$a8483$b40$c20200917$lBLL01$h1127
=LET  \0$aSmart textiles & wearables (Electronic)
=LKR  \\$aPAR$b013540539$lBLL01$r78010$mSmart textiles & wearables$nSmart textiles and nanotechnology

