=LDR  01031cas a2200301 i 4500
=001  019956805
=003  Uk
=005  20220316141038.0
=007  ta
=008  200928c20199999nikuu\p\\\\\\\0\\\a0eng\\
=040  \\$aUk$beng$cUk$erda
=245  00$aJournal of recreation.
=264  \1$aBelfast :$bUK Recreation Magazine,$c2019-
=300  \\$billustrations (black and white, and colour), maps (black and white, and colour) ;$c30 cm
=336  \\$atext$2rdacontent
=337  \\$aunmediated$2rdamedia
=338  \\$avolume$2rdacarrier
=362  0\$aVolume 1 (December 2019)-
=650  \0$aRecreation$vPeriodicals.
=852  41$aBritish Library$bHMNTS$jZC.9.b.11082$3Vol. 1 (Dec. 2019)
=985  \\$aISSN application rejected - see ISSN UK Centre for further info.
=CAT  \\$a10806$b40$c20200928$lBLL01$h0903
=CAT  \\$a10806$b40$c20200928$lBLL01$h0904
=CAT  \\$a10806$b40$c20220316$lBLL01$h1408
=CAT  \\$a10806$b40$c20220316$lBLL01$h1410
=FIN  \\$aY$d20220316
=FMT  \\$a  SE
=LAS  \\$a10806$b40$c20220316$lBLL01$h1410

