=LDR  00921cas a2200313 i 4500
=001  019974232
=003  Uk
=005  20201007152655.0
=007  ta
=008  201007c20199999ie\fr\p\\\\\\\0\\\a0eng\\
=022  \\$a2565-6392
=040  \\$aUk$beng$cUk$erda
=042  \\$aukblsr
=082  04$a821.92$223
=245  04$aThe haibun journal.
=264  \1$aBallygibbon, Nenagh, Co. Tipperary, Ireland :$bSean O'Connor,$c[2019]-
=300  \\$c21 cm
=310  \\$aSemiannual
=336  \\$atext$2rdacontent
=337  \\$aunmediated$2rdamedia
=338  \\$avolume$2rdacarrier
=362  0\$aIssue 1:1-
=650  \0$aHaibun$vPeriodicals.
=852  41$aBritish Library$bHMNTS$jZK.9.a.16560$3Issue 1 Part 1 (2019)-
=985  \\$aProvisional record on ISSN Portal; please add key title when verified.
=CAT  \\$a11205$b40$c20201007$lBLL01$h1526
=FIN  \\$aY$d20201007
=FMT  \\$a  SE
=LAS  \\$a11205$b40$c20201007$lBLL01$h1526

