=LDR  01418cas a22003738i 4500
=001  020003587
=003  Uk
=005  20211007085738.0
=006  m\\\\\\\\d\|\\\\\\
=007  cr||||||||||||
=008  201105c20219999enkqr\p\o\\\\\0\\\a0eng\\
=022  0\$a2635-1536$202
=037  \\$a???$bInderscience
=040  \\$aUk$beng$cUk$erda
=222  \0$aInternational journal of networking and security$b(Online)
=245  00$aInternational journal of networking and security.
=246  13$aIJNS
=263  \\$a202103
=264  \1$aOlney :$bInderscience Enterprises Limited
=336  \\$atext$2rdacontent
=337  \\$acomputer$2rdamedia
=338  \\$aonline resource$2rdacarrier
=776  08$iAlso issued in print as:$tInternational journal of networking and security$x2635-1528
=852  41$aBritish Library$bHMNTS$jELD Digital store
=859  \\$aELD$bejournal
=985  \\$aISSN UK Centre: change of title from 'International journal of network science' ISSN 2048-2183 Please add 78X/LKR on completion.
=985  \\$aPlease let Richard (Leeds) know when this journal is published - part of 2021 Direct list.
=CAT  \\$a10973$b40$c20201105$lBLL01$h1651
=CAT  \\$a11450$b40$c20210603$lBLL01$h1436
=CAT  \\$a10806$b40$c20211007$lBLL01$h0857
=FMT  \\$a  SE
=LAS  \\$a10806$b40$c20211007$lBLL01$h0857
=LET  \0$aInternational journal of networking and security (Electronic)
=MNI  \\$a2635-1528

