=LDR  02245 as a2200457 i 4500
=001  020029502
=003  Uk
=005  20201203120633.0
=006  m\\\\\|\\d\|\\\\\\
=007  cr\|||||||||||
=008  201203d19932001enk\x\p\o\\\\\0\\\a0eng\\
=040  \\$aUk$beng$cUk$erda
=042  \\$aukblsr
=082  04$a720.288$223
=130  0\$aNewsletter (Conference on Training in Architectural Conservation)
=245  10$aNewsletter /$cConference on Training in Architectural Conservation.
=264  \1$a[London] :$bConference on Training in Architectural Conservation
=300  \\$billustrations (black and white)
=336  \\$atext$2rdacontent
=337  \\$acomputer$2rdamedia
=338  \\$aonline resource$2rdacarrier
=362  0\$aNo.1-no. 17 (March 2001).
=500  \\$aTitle from PDF caption (COTAC website, viewed December 3, 2020).
=588  \\$aLatest issue consulted: Number 17 (March 2001), viewed December 3, 2020.
=650  \0$aArchitecture$xConservation and restoration$xPeriodicals.
=650  \0$aArchitecture$xConservation and restoration$xStudy and teaching$xPeriodicals.
=710  2\$aConference on Training in Architectural Conservation.
=776  08$iAlso issued in print as:$tNewsletter (Conference on Training in Architectural Conservation)$x1367-255X
=785  00$tCOTAC newsletter$x2634-1093
=852  41$aBritish Library$bHMNTS$jELD Digital store$3Issue 1 (1993)-Issue 17 (2001)
=856  40$uhttps://www.cotac.global/newsletters/archive/
=859  \\$aELD$bejournal
=985  \\$aOrdinarily an ISSN would be assigned for consistency, but contact with the publisher has been problematic and likelihood that the current ISSN will be used by them in relation to this legacy digitized stock too.
=CAT  \\$a8483$b40$c20201203$lBLL01$h1039
=CAT  \\$a8483$b40$c20201203$lBLL01$h1042
=CAT  \\$a8483$b40$c20201203$lBLL01$h1206
=FIN  \\$aY$d20201203
=FMT  \\$a  SE
=LAS  \\$a8483$b40$c20201203$lBLL01$h1206
=LET  \0$aNewsletter - Conference on Training in Architectural Conservation (Electronic)
=LKR  \\$aPAR$b007248000$lBLL01$r776$mNewsletter / Conference on Training in Architectural Conservation (Online)$nNewsletter / Conference on Training in Architectural Conservation (Print)

