=LDR  02409cas a2200625 i 4500
=001  020058434
=003  Uk
=005  20210310142008.0
=006  m\\\\\|\\d\|\\\\\\
=007  cr\|||||||||||
=008  210107c20209999njumr\p\o\\\\\0\\\a0eng\\
=022  \\$a2692-3823
=037  \\$aISSN_26923831_2$bPortico$nWiley
=040  \\$aUk$beng$cUk$erda
=042  \\$aukblsr
=082  04$a333.79$223
=245  00$aClimate and Energy.
=264  \1$aHoboken, N.J. :$bJohn Wiley & Sons,$c2020-
=310  \\$aMonthly
=336  \\$atext$2rdacontent
=337  \\$acomputer$2rdamedia
=338  \\$aonline resource$2rdacarrier
=362  0\$aVol. 37, issue 1 (August 2020)-
=500  \\$aTitle from journal homepage (Wiley Online Library, viewed March 10, 2021).
=540  \\$aCurrent Copyright Fee: GBP32.00$c35\0$5Uk
=588  \\$aLatest issue consulted: volume 37, issue 8 (March 2021); Wiley Online Library, viewed March 10, 2021.
=650  \0$aEnergy industries$vPeriodicals.
=650  \0$aEnergy industries$xEnvironmental aspects$vPeriodicals.
=776  08$iAlso issued in print as:$tClimate and energy$x2692-3831
=780  00$tNatural gas & electricity (Online)$x1545-7907
=852  41$aBritish Library$bHMNTS$jELD Digital store$3Volume 37:issue 1(2020)-
=856  \\$31850-9999$uhttp://onlinelibrary.wiley.com/$xBLDSS
=856  40$uhttps://onlinelibrary.wiley.com/journal/26923823
=859  \\$aELD$bejournal
=945  \\$aClimate and Energy
=979  \\$aBritish Library$bDSC$j3278.990000N
=985  \\$aProvisional record only on ISSN Portal. Please add key title when validated.
=CAT  \\$a14586$b40$c20210107$lBLL01$h1939
=CAT  \\$a14586$b40$c20210108$lBLL01$h1502
=CAT  \\$a5552$b40$c20210129$lBLL01$h0803
=CAT  \\$aBLDSS-3PM$b00$c20210204$lBLL01$h1616
=CAT  \\$aBATCH-UPD$b00$c20210204$lBLL01$h1617
=CAT  \\$a5410$b40$c20210209$lBLL01$h1305
=CAT  \\$a11205$b40$c20210310$lBLL01$h1133
=CAT  \\$a11205$b40$c20210310$lBLL01$h1420
=CFI  0\$aCurrent Copyright Fee: GBP32.00$c35\0$e29-jan-2021$fGBP32.00$g0$hP$5Uk
=FFP  \\$aY$bBLDSS-3PM
=FIN  \\$aY$d20210310
=FMT  \\$a  SE
=LAS  \\$a11205$b40$c20210310$lBLL01$h1420
=LET  \0$aClimate and energy (Electronic)
=LKR  \\$aPAR$b013351440$lBLL01$nNatural gas & electricity (Online)$mClimate and energy$r78000
=MNI  \\$a2692-3831
=TOC  \\$aETOC
=UNO  \\$aY

