=LDR  01584cas a2200409 i 4500
=001  020067103
=003  Uk
=005  20210119123239.0
=006  m\\\\\|\\d\|\\\\\\
=007  cr\|||||||||||
=008  210119c19649999enkmr\p\o\\\\\0\\\a0eng\\
=040  \\$aUk$beng$cUk$erda
=042  \\$aukblsr
=082  04$a283.42712$223
=130  0\$aChallenge (Sandbach, England)
=245  10$aChallenge :$bthe parish magazine of St Mary Sandach.
=264  \1$a[Sandbach] :$bSt Mary Sandbach
=300  \\$billustrations (black and white, and colour)
=310  \\$aMonthly
=336  \\$atext$2rdacontent
=337  \\$acomputer$2rdamedia
=338  \\$aonline resource$2rdacarrier
=362  1\$aPrint began in 1964.
=530  \\$aAlso issued in print
=588  \\$aDescription based on: volume 56, number 654 (February 2020); title from PDF cover (St Mary Sandbach Web site, viewed January 19, 2021).
=588  \\$aLatest issue consulted: volume 57, number 665 (January 2021), viewed January 19, 2021.
=610  20$aSt. Mary's Church (Sandbach, England)$vPeriodicals.
=650  \0$aChristian life$zEngland$zSandbach$vPeriodicals.
=852  41$aBritish Library$bHMNTS$jELD Digital store$3(2020:Feb.)-
=856  40$uhttps://www.sandbachchurch.co.uk/magazines.htm
=859  \\$aELD$bejournal
=985  \\$aPre-pub Ulrichs record for print version ISSN 0009-1014 at 012904720
=CAT  \\$a8483$b40$c20210119$lBLL01$h1232
=FIN  \\$aY$d20210119
=FMT  \\$a  SE
=LAS  \\$a8483$b40$c20210119$lBLL01$h1232
=LET  \0$aChallenge : the parish magazine of St Mary Sandbach (Electronic)

