=LDR  02228cas a2200613 i 4500
=001  020098879
=003  Uk
=005  20211201115305.0
=006  m\\\\\\\\d\|\\\\\\
=007  cr\|||||||||||
=008  191112c20209999enkqr\p\o\\\\\0\\\a0eng\\
=015  \\$aGBC1K2416$2bnb
=022  \\$y2690-3857
=037  \\$aISSN_26903857_2$bPortico$nWiley
=040  \\$aUk$beng$cUk$dUk$erda
=042  \\$aukblsr
=082  04$a620.19205$223
=245  00$aSPE Polymers.
=246  3\$aSociety of Plastics Engineers polymers
=264  \1$aHoboken, NJ :$bWiley Periodicals LLC on behalf of the Society of Plastics Engineers,$c2020-
=300  \\$billustrations (black and white, and colour)
=310  \\$aQuarterly
=336  \\$atext$2rdacontent
=337  \\$acomputer$2rdamedia
=338  \\$aonline resource$2rdacarrier
=362  0\$aVol. 1, no. 1 (November 2020)-
=500  \\$aTitle from PDF cover (Wiley Online Library, viewed December 1, 2021).
=540  \\$aCurrent Copyright Fee: zero$c35\0$5Uk
=588  \\$aLatest issue consulted: volume 2, issue 4 (October 2021) (viewed December 1, 2021).
=650  \0$aPolymers$vPeriodicals.
=710  2\$aSociety of Plastics Engineers,$eissuing body.
=852  41$aBritish Library$bHMNTS$jELD Digital store$3Volume 1:Number 1(2020)-
=856  40$uhttps://onlinelibrary.wiley.com/journal/26903857
=856  4\$31850-9999$uhttp://onlinelibrary.wiley.com/$xBLDSS
=859  \\$aELD$bejournal
=945  \\$aSPE Polymers
=979  \\$aBritish Library$bDSC$j8361.861000N
=985  \\$aISSN still provisional as at 1/12/21
=985  \\$aWFH record (CS) 2021
=CAT  \\$a5552$b40$c20210203$lBLL01$h0952
=CAT  \\$aBLDSS-3PM$b00$c20210217$lBLL01$h1348
=CAT  \\$aBATCH-UPD$b00$c20210217$lBLL01$h1349
=CAT  \\$a5410$b40$c20210224$lBLL01$h1036
=CAT  \\$a15190$b40$c20210906$lBLL01$h1237
=CAT  \\$a8124$b40$c20211201$lBLL01$h1152
=CAT  \\$a8124$b40$c20211201$lBLL01$h1153
=CFI  0\$aCurrent copyright fee: zero$c35\0$e03-feb-2021$fGBP0.00$g0$hP$5Uk
=FFP  \\$aY$bBLDSS-3PM
=FIN  \\$aY$d20211201
=FMT  \\$a  SE
=LAS  \\$a8124$b40$c20211201$lBLL01$h1153
=LET  \0$aSPE Polymers (Electronic)
=TOC  \\$aETOC
=UNO  \\$aY

