=LDR  06070cas a2201261 i 4500
=001  020105102
=003  Uk
=005  20210921160137.0
=006  m\\\\\\\\d\|\\\\\\
=007  cr\|||||||||||
=008  191112c20219999njumr\p\o\\\\\0\\\a0eng\\
=022  \\$y2691-1299
=037  \\$aISSN_26911299_2$bPortico$nWiley
=040  \\$aUk$beng$cUk$dUk$erda
=042  \\$aukblsr
=082  04$a570.028$223
=245  00$aCurrent protocols.
=264  \1$aHoboken, NJ :$bWiley,$c2021-
=300  \\$billustrations (colour)
=310  \\$aMonthly
=336  \\$atext$2rdacontent
=337  \\$acomputer$2rdamedia
=338  \\$aonline resource$2rdacarrier
=362  0\$aVolume 1, issue 1 (January 2021)-
=500  \\$aTitle from PDF cover (Wiley Online Library, viewed August 31, 2021).
=540  \\$aCurrent Copyright Fee: GBP46.00$c35\0$5Uk
=588  \\$aLatest issue consulted: volume 1, issue 8 (August 2021) (viewed August 31, 2021).
=650  \0$aLife sciences$vLaboratory manuals$vPeriodicals.
=650  \0$aBiology$vLaboratory manuals$vPeriodicals.
=650  \0$aLife sciences$xTechnique$vPeriodicals.
=650  \0$aBiology$xTechnique$vPeriodicals.
=780  04$tCurrent protocols in bioinformatics$x1934-340X
=780  04$tCurrent protocols in cell biology (Online)$x1934-2616
=780  04$tCurrent protocols in chemical biology$x2160-4762
=780  04$tCurrent protocols in cytometry$x1934-9300
=780  04$tCurrent protocols essential laboratory techniques$x1948-3430
=780  04$tCurrent protocols in human genetics$x1934-8258
=780  04$tCurrent protocols in immunology (Online)$x1934-368X
=780  04$tCurrent protocols in microbiology$x1934-8533
=780  04$tCurrent protocols in molecular biology (Online)$x1934-3647
=780  04$tCurrent protocols in mouse biology$x2161-2617
=780  04$tCurrent protocols in neuroscience$x1934-8576
=780  04$tCurrent protocols in nucleic acid chemistry (Online)$x1934-9270
=780  04$tCurrent protocols in pharmacology$x1934-8290
=780  04$tCurrent protocols in plant biology$x2379-8068
=780  04$tCurrent protocols in protein science (Online)$x1934-3663
=780  04$tCurrent protocols in stem cell biology$x1938-8969
=780  04$tCurrent protocols in toxicology (Online)$x1934-9262
=852  41$aBritish Library$bHMNTS$jELD Digital store$3Volume 1:Issue 1(2021)-
=856  4\$31850-9999$uhttp://onlinelibrary.wiley.com/$xBLDSS
=856  40$uhttps://currentprotocols.onlinelibrary.wiley.com/journal/26911299
=859  \\$aELD$bejournal
=945  \\$aCurrent protocols
=979  \\$aBritish Library$bDSC$j3501.531400N
=985  \\$aISSN still provisional at 31/8/21
=985  \\$aWFH record (CS) 2021
=CAT  \\$a5552$b40$c20210211$lBLL01$h0834
=CAT  \\$aBATCH-UPD$b00$c20210217$lBLL01$h1350
=CAT  \\$a11450$b40$c20210821$lBLL01$h1029
=CAT  \\$a8124$b40$c20210831$lBLL01$h1049
=CAT  \\$a8124$b40$c20210831$lBLL01$h1116
=CAT  \\$a8124$b40$c20210831$lBLL01$h1153
=CAT  \\$a8124$b40$c20210831$lBLL01$h1212
=CAT  \\$a8124$b40$c20210831$lBLL01$h1238
=CAT  \\$a8124$b40$c20210831$lBLL01$h1306
=CAT  \\$a8124$b40$c20210831$lBLL01$h1308
=CAT  \\$a8124$b40$c20210831$lBLL01$h1424
=CAT  \\$a8124$b40$c20210831$lBLL01$h1427
=CAT  \\$a8124$b40$c20210831$lBLL01$h1428
=CAT  \\$a8124$b40$c20210831$lBLL01$h1429
=CAT  \\$a8124$b40$c20210831$lBLL01$h1456
=CAT  \\$a8124$b40$c20210831$lBLL01$h1533
=CAT  \\$a8124$b40$c20210831$lBLL01$h1611
=CAT  \\$a8124$b40$c20210831$lBLL01$h1654
=CAT  \\$a8124$b40$c20210831$lBLL01$h1715
=CAT  \\$a8124$b40$c20210831$lBLL01$h1759
=CAT  \\$a8124$b40$c20210902$lBLL01$h0816
=CAT  \\$a8124$b40$c20210902$lBLL01$h0840
=CAT  \\$a8124$b40$c20210902$lBLL01$h0910
=CAT  \\$a8124$b40$c20210902$lBLL01$h0929
=CAT  \\$a8124$b40$c20210902$lBLL01$h0943
=CAT  \\$a8124$b40$c20210921$lBLL01$h1601
=CFI  0\$aCurrent Copyright Fee: GBP46.00$c35\0$e11-feb-2021$fGBP46.00$g0$hP$5Uk
=FFP  \\$aY$bBLDSS-3PM
=FIN  \\$aY$d20210831
=FMT  \\$a  SE
=LAS  \\$a8124$b40$c20210921$lBLL01$h1601
=LET  \0$aCurrent protocols (Electronic)
=LKR  \\$aPAR$b019698404$lBLL01$nCurrent protocols in bioinformatics$mCurrent protocols$r78004
=LKR  \\$aPAR$b019674571$lBLL01$nCurrent protocols in cell biology (Online)$mCurrent protocols$r78004
=LKR  \\$aPAR$b019465582$lBLL01$nCurrent protocols in chemical biology$mCurrent protocols$r78004
=LKR  \\$aPAR$b019716863$lBLL01$nCurrent protocols in cytometry (Online)$mCurrent protocols$r78004
=LKR  \\$aPAR$b019465587$lBLL01$nCurrent protocols essential laboratory techniques$mCurrent protocols$r78004
=LKR  \\$aPAR$b019713141$lBLL01$nCurrent protocols in human genetics$mCurrent protocols$r78004
=LKR  \\$aPAR$b019713115$lBLL01$nCurrent protocols in immunology (Online)$mCurrent protocols$r78004
=LKR  \\$aPAR$b019724599$lBLL01$nCurrent protocols in microbiology$mCurrent protocols$r78004
=LKR  \\$aPAR$b019705514$lBLL01$nCurrent protocols in molecular biology (Online)$mCurrent protocols$r78004
=LKR  \\$aPAR$b019465595$lBLL01$nCurrent protocols in mouse biology$mCurrent protocols$r78004
=LKR  \\$aPAR$b019714196$lBLL01$nCurrent protocols in neuroscience$mCurrent protocols$r78004
=LKR  \\$aPAR$b019739582$lBLL01$nCurrent protocols in nucleic acid chemistry (Online)$mCurrent protocols$r78004
=LKR  \\$aPAR$b019714182$lBLL01$nCurrent protocols in pharmacology$mCurrent protocols$r78004
=LKR  \\$aPAR$b019465603$lBLL01$nCurrent protocols in plant biology$mCurrent protocols$r78004
=LKR  \\$aPAR$b019705733$lBLL01$nCurrent protocols in protein science (Online)$mCurrent protocols$r78004
=LKR  \\$aPAR$b019716874$lBLL01$nCurrent protocols in stem cell biology$mCurrent protocols$r78004
=LKR  \\$aPAR$b019714454$lBLL01$nCurrent protocols in toxicology (Online)$mCurrent protocols$r78004
=MNI  \\$a2691-1299
=TOC  \\$aETOC
=UNO  \\$aY

