=LDR  01615cas a2200445 i 4500
=001  020162145
=003  Uk
=005  20210422080726.0
=007  ta
=008  210420c20209999enkqr\p\\\\\\\0\\\a0eng\\
=015  \\$aGBC159125$2bnb
=040  \\$aUk$beng$cUk$erda
=042  \\$aukblsr
=082  04$a266.3$223
=130  0\$aKoinonia (London, England)
=245  10$aKoinonia.
=264  \1$aLondon :$bUSPG,$c2020-
=300  \\$billustrations (black and white, and colour) ;$c30 cm
=310  \\$aQuarterly
=336  \\$atext$2rdacontent
=337  \\$aunmediated$2rdamedia
=338  \\$avolume$2rdacarrier
=362  0\$aIssue 1 (2020)-
=500  \\$aAt head of title: "News and features from the Anglican Communion".
=530  \\$aAlso issued online.
=650  \0$aAnglican Communion$vPeriodicals.
=650  \0$aAnglican Communion$xMissions$vPeriodicals.
=710  2\$aUnited Society Partners in the Gospel,$eissuing body.
=780  00$tTransmission (London, England : 1992)$x0967-926X
=852  41$aBritish Library$bHMNTS$jZK.9.b.37301$3Issue 1(2020)-
=985  \\$aDescription based on scanned images Covid 2021.
=985  \\$aISSN UK note: IC will assign ISSN (International Organization (code XF2090) (Richard (Leeds), 22/04/21)
=CAT  \\$a10969$b40$c20210420$lBLL01$h1322
=CAT  \\$a10969$b40$c20210420$lBLL01$h1519
=CAT  \\$a10806$b40$c20210422$lBLL01$h0806
=CAT  \\$a10806$b40$c20210422$lBLL01$h0807
=FIN  \\$aY$d20210422
=FMT  \\$a  SE
=LAS  \\$a10806$b40$c20210422$lBLL01$h0807
=LKR  \\$aPAR$b007250644$lBLL01$r78000$mKoinonia (London)$nTransMission (London. 1992)

