=LDR  03179cas a2200709 i 4500
=001  020167345
=003  Uk
=005  20221231145518.0
=007  ta
=008  210421c20209999sz\qr\p\\\\\\\0\\\a0eng\\
=022  \\$a2662-4729
=040  \\$aUk$beng$cUk$erda
=042  \\$aukblsr
=082  04$a610.28$223
=245  00$aPhysical and engineering sciences in medicine
=246  30$aPESM
=264  \1$a[Cham] :$bSpringer,$c[2020]-
=300  \\$billustrations (black and white, and colour) ;$c28 cm
=310  \\$aQuarterly
=336  \\$atext$2rdacontent
=337  \\$aunmediated$2rdamedia
=338  \\$avolume$2rdacarrier
=362  1\$aBegan with volume 43, number 1 (March 2020).
=540  \\$aCurrent copyright fee: GBP34.95$c22\1$5Uk
=550  \\$a"Official journal of the Australasian College of Physical Scientists and Engineers in Medicine"; "also the official journal of the College of Biomedical Engineers, Engineers Australia and the Asia-Oceania Federation of Organizations for Medical Physics."
=588  \\$aDescription based on: volume 44, number 1 (March 2021).
=650  \0$aBiomedical engineering$vPeriodicals.
=650  \0$aMedical physics$vPeriodicals.
=710  2\$aAustralasian College of Physical Scientists & Engineers in Medicine.
=710  2\$aInstitution of Engineers Australia.
=710  2\$aInstitution of Engineers Australia.$bCollege of Biomedical Engineers.
=710  2\$aAsia-Oceania Federation of Organizations for Medical Physics.
=776  08$iAlso issued online as:$tPhysical and engineering sciences in medicine$x2662-4737
=780  00$tAustralasian physical & engineering sciences in medicine$x0158-9938
=852  41$aBritish Library$bDSC$j6475.271500$3Vol. 43, No. 1 (2020)
=856  \\$31850-9999$uhttp://link.springer.com/$xBLDSS
=945  \\$aPhysical and engineering sciences in medicine
=959  \\$fCurrently received
=985  \\$aProvisional record on ISSN Portal; please add key title when verified.
=ACF  \\$aPrevious copyright fee: GBP34.00$c22\1$e01-jul-2018$fGBP34.00$g0$hP$5Uk
=CAT  \\$a11205$b40$c20210421$lBLL01$h1043
=CAT  \\$a11205$b40$c20210421$lBLL01$h1146
=CAT  \\$a8871$b40$c20210423$lBLL01$h1111
=CAT  \\$a8335$b40$c20210427$lBLL01$h0835
=CAT  \\$a8335$b40$c20210427$lBLL01$h0839
=CAT  \\$aBATCH-UNOA$c20210427$lBLL01$h2106
=CAT  \\$aBLDSS-3PM$b00$c20210505$lBLL01$h1510
=CAT  \\$aBATCH-UPD$b00$c20210505$lBLL01$h1512
=CAT  \\$a5410$b40$c20210512$lBLL01$h1051
=CAT  \\$a5552$b40$c20210824$lBLL01$h1150
=CAT  \\$aIPL-CLA$c20210930$lBLL01$h1529
=CAT  \\$aBATCH-UPD$b00$c20221121$lBLL01$h1413
=CAT  \\$aIPL-CLA$c20221231$lBLL01$h1455
=CFI  0\$aCurrent copyright fee: GBP34.95$c22\1$e01-jan-2023$fGBP34.95$g0$hP$5Uk
=CFI  2\$aPrevious copyright fee: GBP43.00$c22\1$e01-oct-2021$fGBP43.00$g0$hP$5Uk
=FFP  \\$aY$bBLDSS-3PM
=FIN  \\$aY$d20210421
=FMT  \\$a  SE
=LAS  \\$aIPL-CLA$b00$c20221231$lBLL01$h1455
=LKR  \\$aPAR$b010471553$lBLL01$nAustralasian physical & engineering sciences in medicine$mPhysical and engineering sciences in medicine$r78000
=TOC  \\$aETOC
=UNO  \\$aY

