=LDR  01799cas a2200481 i 4500
=001  020174572
=003  Uk
=005  20210504170502.0
=007  cr\|||||||||||
=008  210428c20169999enkar\p\\\\\\\0\\\a0eng\\
=015  \\$aGBC166616$2bnb
=022  \\$a2414-682X
=040  \\$aUk$beng$cUk$erda
=042  \\$aukblsr
=082  04$a428.0071$223
=130  0\$aBridges (Faversham, England)
=222  \0$aBridges$b(Faversham)
=245  10$aBridges :$bconnecting English language teaching, literature and culture.
=264  \1$aFaversham :$bIATEFL
=300  \\$billustrations (colour)
=310  \\$aAnnual
=336  \\$atext$2rdacontent
=337  \\$acomputer$2rdamedia
=338  \\$aonline resource$2rdacarrier
=362  0\$aIssue 1 (2016)-
=500  \\$aTitle from PDF cover (litsigbridges.wordpress.com website, viewed April 28, 2021).
=550  \\$aA publication of the IATEFL Literature SIG.
=588  \\$aLatest issue consulted: issue 5 (2020) (viewed April 28, 2021).
=650  \0$aEnglish language$xStudy and teaching$xForeign speakers$vPeriodicals.
=650  \0$aEnglish literature$xStudy and teaching$vPeriodicals.
=710  2\$aIATEFL Literature Special Interest Group.
=852  41$aBritish Library$bHMNTS$jELD Digital store$3Issue 1(2016:Feb.)-
=856  40$uhttps://litsigbridges.wordpress.com/
=859  \\$aELD$bejournal
=985  \\$aISSN assigned by the IC as the publisher is an International Organisation. (ED).
=CAT  \\$a8483$b40$c20210428$lBLL01$h1034
=CAT  \\$a8483$b40$c20210428$lBLL01$h1035
=CAT  \\$a8483$b40$c20210428$lBLL01$h1036
=CAT  \\$a8871$b40$c20210504$lBLL01$h1705
=FIN  \\$aY$d20210428
=FMT  \\$a  SE
=LAS  \\$a8871$b40$c20210504$lBLL01$h1705
=LET  \0$aBridges : the IATEFL Literature SIG journal (Electronic)

