=LDR  03176cas a2200805 i 4500
=001  020184252
=003  Uk
=005  20220720152549.0
=006  m\\\\\o\\d\\\\\\\\
=007  cr\|||||||||||
=008  200406c20209999pauqr\poo\\\\\|\\\a0eng\\
=010  \\$a  2020200121
=016  7\$a101772772$2DNLM
=022  \\$a2691-3321
=035  \\$a(OCoLC)1149063311$z(OCoLC)1246783199$z(OCoLC)1246783248$z(OCoLC)1246783739
=037  \\$aISSN_26913321_74$bPortico$nLippincott Williams & Wilkins
=040  \\$aDLC$beng$cDLC$dOCLCO$dDLC$dNLM$dOCLCO$dS2H$dOCLCF$dUk$erda$epn
=042  \\$aukblsr
=050  10$aISSN RECORD
=060  00$aW1
=082  04$a616.005$223
=245  00$aJBI evidence implementation.
=246  1\$aJoanna Briggs Institute evidence implementation
=264  \1$aPhiladelphia, PA :$bWolters Kluwer,$c[2020]-
=300  \\$a1 online resource
=310  \\$aQuarterly
=336  \\$atext$2rdacontent
=337  \\$acomputer$2rdamedia
=338  \\$aonline resource$2rdacarrier
=362  1\$aBegan with Volume 18(3) (September 2020).
=540  \\$aCurrent copyright fee: GBP39.00$c20\0$5Uk
=588  0\$aVolume 18(3) (September 2020); title from journal home page (publisher's website, viewed April 6, 2021).
=588  1\$aVolume 19 (1) (March 2021) (viewed April 6, 2021).
=650  \0$aEvidence-based medicine$vPeriodicals.
=650  12$aEvidence-Based Medicine.
=650  22$aImplementation Science.
=650  \7$aEvidence-based medicine.$2fast$0(OCoLC)fst00917247
=655  \2$aPeriodical.
=655  \7$aPeriodicals.$2fast$0(OCoLC)fst01411641
=710  2\$aJoanna Briggs Institute,$eissuing body.
=780  00$tInternational journal of evidence-based healthcare (Online)$x1744-1609
=852  \\$aBritish Library$bDSC$j4663.435960$3Volume 20:Issue 2(2022)-
=852  41$aBritish Library$bHMNTS$jELD Digital store$3Volume 18:Issue 3(2020)-
=856  \\$31850-9999$uhttp://journals.lww.com/pages/default.aspx$xBLDSS
=856  40$uhttps://journals.lww.com/ijebh/pages/default.aspx
=859  \\$aELD$bejournal
=945  \\$aJBI Evidence Implementation
=959  \\$fCurrently received
=985  \\$aISSN Key Title not yet confirmed in Portal (Richard, 04/11/21)
=CAT  \\$a12654$b40$c20210506$lBLL01$h1426
=CAT  \\$a12654$b40$c20210506$lBLL01$h1434
=CAT  \\$a5410$b40$c20210511$lBLL01$h1346
=CAT  \\$aBLDSS-3PM$b00$c20210511$lBLL01$h1402
=CAT  \\$aBATCH-UPD$b00$c20210511$lBLL01$h1407
=CAT  \\$aBATCH-UNOA$c20210511$lBLL01$h2108
=CAT  \\$a15005$b40$c20210521$lBLL01$h1403
=CAT  \\$a10806$b40$c20211022$lBLL01$h1312
=CAT  \\$a10806$b40$c20211104$lBLL01$h1342
=CAT  \\$a10806$b40$c20211104$lBLL01$h1343
=CAT  \\$a14412$b40$c20220720$lBLL01$h1525
=CFI  0\$aCurrent copyright fee: GBP39.00$c20\0$e06-may-2021$fGBP39.00$g0$hP$5Uk
=EST  \\$a1
=FFP  \\$aY$bBLDSS-3PM
=FIN  \\$aY$d20211104
=FMT  \\$a  SE
=LAS  \\$a14412$b40$c20220720$lBLL01$h1525
=LKR  \\$aPAR$b012915754$lBLL01$r78000$mJBI evidence implementation.$nInternational journal of evidence-based healthcare (Online)
=SID  \\$aZ39$bOCLC
=TOC  \\$aETOC
=UNO  \\$aY

