=LDR  01978cas a2200517 i 4500
=001  020192895
=003  Uk
=005  20221231145519.0
=007  ta
=008  210518c20219999it\qr\p\\\\\\\0\\\a0eng\\
=022  \\$y2784-8477
=040  \\$aUk$beng$cUk$erda
=042  \\$aukblsr
=082  04$a616.2405$223
=245  00$aMinerva respiratory medicine.
=264  \1$aTorino, Italy :$bEdizioni Minerva Medica,$c2021-
=300  \\$billustrations (black and white, and colour) ;$c27 cm
=310  \\$aQuarterly
=336  \\$atext$2rdacontent
=337  \\$aunmediated$2rdamedia
=338  \\$avolume$2rdacarrier
=362  0\$aVolume 60, no. 1 (March 2021)-
=540  \\$aCurrent Copyright Fee: GBP25.00$c0$5Uk
=650  \0$aRespiratory organs$xDiseases$vPeriodicals.
=776  08$iAlso issued online as:$tMinerva respiratory medicine$x2724-6493
=780  00$tMinerva pneumologica$x0026-4954
=852  41$aBritish Library$bDSC$j5794.520500$3Vol. 60 (2021)-
=945  \\$aMinerva respiratory medicine
=959  \\$fCurrently received
=985  \\$aWFH record, catalogued from surrogate, Print ISSN provisional on Portal, online is confirmed, as at 9 June 2021, CS
=CAT  \\$a6558$b40$c20210518$lBLL01$h1049
=CAT  \\$a6558$b40$c20210518$lBLL01$h1054
=CAT  \\$a6558$b40$c20210518$lBLL01$h1108
=CAT  \\$a8124$b40$c20210609$lBLL01$h1129
=CAT  \\$a8124$b40$c20210609$lBLL01$h1133
=CAT  \\$a6558$b40$c20210614$lBLL01$h1323
=CAT  \\$aBATCH-CLA$b00$c20221221$lBLL01$h1938
=CAT  \\$aIPL-CLA$c20221231$lBLL01$h1455
=CFI  0\$aCurrent Copyright Fee: GBP25.00$c0$e01-jan-2023$fGBP25.00$g0$hA$5Uk
=CFI  2\$aPrevious Copyright Fee: GBP22.50$c0$e14-jun-2021$fGBP22.50$g0$hA$5Uk
=FIN  \\$aY$d20210609
=FMT  \\$a  SE
=LAS  \\$aIPL-CLA$b00$c20221231$lBLL01$h1455
=LET  \0$aMinerva respiratory medicine (Print)
=LKR  \\$aPAR$b011763299$lBLL01$nMinerva pneumologica$mMinerva respiratory medicine$r78000
=TOC  \\$aETOC

