=LDR  01814cas a2200445 i 4500
=001  020200700
=003  Uk
=005  20210525145713.0
=007  cr\|||||||||||
=008  210525c20179999enkuu\p\\\\\\\0\\\a0eng\\
=015  \\$aGBC178701$2bnb
=022  0\$a2520-2642
=040  \\$aUk$beng$cUk$erda
=042  \\$aukblsr
=082  04$a428.0071$223
=222  \0$aIATEFL Teacher Training and Education SIG newsletter
=245  00$aTeacher Training and Education SIG newsletter.
=246  3\$aTeacher Training and Education Special Interest Group newsletter
=264  \1$a[Faversham] :$bIATEFL
=336  \\$atext$2rdacontent
=337  \\$acomputer$2rdamedia
=338  \\$aonline resource$2rdacarrier
=362  0\$aSpring 2017-
=500  \\$aTitle from PDF cover.
=588  \\$aLatest issue consulted: November 2020.
=650  \0$aEnglish language$xStudy and teaching$xForeign speakers$vPeriodicals.
=650  \0$aTeachers$xTraining of$vPeriodicals.
=710  2\$aIATEFL Teacher Training & Education,$eissuing body.
=780  00$tTTED newsletter
=852  41$aBritish Library$bHMNTS$jELD Digital store$3(2017:Spring)-
=856  4\$uhttps://ttedsig.iatefl.org/$zTo subscribe
=859  \\$aELD$bejournal
=985  \\$aISSN assigned by IC. Currently seeking to have the 780 amended as previous title was TTED newsletter, which needs its own ISSN (ED 25.5.21).
=CAT  \\$a8483$b40$c20210525$lBLL01$h1453
=CAT  \\$a8483$b40$c20210525$lBLL01$h1457
=FIN  \\$aY$d20210525
=FMT  \\$a  SE
=LAS  \\$a8483$b40$c20210525$lBLL01$h1457
=LET  \0$aTeacher Training and Education SIG newsletter (Electronic)
=LKR  \\$aPAR$b016500875$lBLL01$r78000$mIATEFL Teacher Training and Education SIG newsletter$nTTED newsletter : newsletter of the Teacher Trainers and Educators Special Interest Group.

