=LDR  01294cas a2200397 i 4500
=001  020213379
=003  Uk
=005  20211021123510.0
=006  m\\\\\|\\d\|\\\\\\
=007  cr\|||||||||||
=008  210603c20199999xnaqr\p\o\\\\\0\\\a0eng\\
=022  0\$a2652-0036
=037  \\$aUbiquity Press Ltd$bPortico
=040  \\$aUk$beng$cUk$erda
=042  \\$aukblsr
=082  04$a614.505$223
=222  \0$aGlobal biosecurity$b(Online)
=245  00$aGlobal biosecurity.
=264  \1$aSydney :$bHosted by Ubiquity Press for University of New South Wales,$c2019-
=310  \\$aQuarterly
=336  \\$atext$2rdacontent
=337  \\$acomputer$2rdamedia
=338  \\$aonline resource$2rdacarrier
=362  0\$aVolume 1 (2019)-
=500  \\$aTitle from journal homepage (publisher's website, viewed October 21, 2021).
=515  \\$aArticles are added consecutively to current annual volume.
=650  \0$aBiosecurity$vPeriodicals.
=852  41$aBritish Library$bHMNTS$jELD Digital store
=856  40$uhttps://jglobalbiosecurity.com/$xOA-J
=859  \\$aELD$bejournal
=985  \\$aISSN UK Centre note: ROAD OA
=CAT  \\$a11450$b40$c20210603$lBLL01$h1135
=CAT  \\$a11315$b40$c20211021$lBLL01$h1235
=FIN  \\$aY$d20211021
=FMT  \\$a  SE
=LAS  \\$a11315$b40$c20211021$lBLL01$h1235

