=LDR  01911 as a2200457 i 4500
=001  020215839
=003  Uk
=005  20210607115127.0
=007  cr\|||||||||||
=008  210607d20152016enkuu\p\\\\\\\0\\\a0eng\\
=022  0\$a2409-6628$y2414-6463
=040  \\$aUk$beng$cUk$erda
=042  \\$aukblsr
=082  04$a428.24071$223
=222  \0$aC&TS digital
=245  00$aC&TS digital
=246  13$aIATEFL Young Learners & Teenagers SIG Newsletter
=246  3\$aC & TS digital
=246  3\$aIATEFL YLTSIG C&TS Digital
=264  \1$a[Canterbury] :$bIATEFL
=300  \\$billustrations (colour)
=336  \\$atext$2rdacontent
=337  \\$acomputer$2rdamedia
=338  \\$aonline resource$2rdacarrier
=362  1\$aBegan in 2015; Ceased in 2016.
=580  \\$aOriginal print version preceded by earlier title: Young learners and teenagers.
=588  \\$aDescription based on: Special Pearl Jubilee edition; title from PDF cover.
=650  \0$aEnglish language$xStudy and teaching (Secondary)$xForeign speakers$vPeriodicals.
=650  \0$aEnglish language$xStudy and teaching (Elementary)$xForeign speakers$vPeriodicals.
=710  2\$aYoung Learners & Teenagers Special Interest Group (International Association of Teachers of English as a Foreign Language)
=776  08$iAlso issued in print as:$tC & TS$x2409-7640
=785  00$aTEYLT worldwide$x2520-2596
=852  41$aBritish Library$bHMNTS$jELD Digital store$3(1986/2016)
=856  4\$uhttps://yltsig.iatefl.org/
=859  \\$aELD$bejournal
=985  \\$aNB - IC assigned a separate ISSN to the Pearl Jubilee edition of C&TS - but as we would not treat it as a separate work, the main title has been catalogued based on this special issue. Hence {dollar}y ISSN (ED 7/6/21)
=CAT  \\$a8483$b40$c20210607$lBLL01$h1151
=FIN  \\$aY$d20210607
=FMT  \\$a  SE
=LAS  \\$a8483$b40$c20210607$lBLL01$h1151
=LET  \0$aC&TS digital (Electronic)

