=LDR  02901cas a2200697 i 4500
=001  020296007
=003  Uk
=005  20220526091949.0
=007  ta
=008  210816c20219999ilufr\p\\\\\\\0\\\a0eng\\
=022  \\$y2769-3600
=040  \\$aUk$beng$cUk$dUk$erda
=042  \\$aukblsr
=082  04$a950$223
=245  00$aBulletin of ASOR.
=246  3\$aBulletin of the American Society of Overseas Research
=246  13$aBASOR
=264  \1$aChicago, IL :$bUniversity of Chicago Press on behalf of ASOR
=300  \\$billustrations (black and white, and colour), maps (colour) ;$c28 cm
=310  \\$aSemiannual
=336  \\$atext$2rdacontent
=337  \\$aunmediated$2rdamedia
=338  \\$avolume$2rdacarrier
=362  0\$aVolume 385 (May 2021)-
=540  \\$aCurrent Copyright Fee: GBP10.95$c0$5Uk
=588  \\$aDescription based on: number 386 (November 2021).
=588  \\$aLatest issue consulted: number 387 (May 2022).
=610  20$aAmerican Society of Overseas Research$vPeriodicals.
=650  \0$aExcavations (Archaeology)$zMiddle East$vPeriodicals.
=650  \0$aExcavations (Archaeology)$zPalestine$vPeriodicals.
=651  \0$aMiddle East$xAntiquities$vPeriodicals.
=651  \0$aPalestine$xAntiquities$vPeriodicals.
=710  2\$aAmerican Society of Overseas Research,$eissuing body.
=776  08$iAlao issued online as:$tBulletin of ASOR$x2769-3589
=780  00$tBulletin of the American Schools of Oriental Research$x0003-097X
=852  41$aBritish Library$bDSC$j2392.850000$3No. 385 (2021)
=945  \\$aBulletin- American Society of Overseas Research
=959  \\$fCurrently received
=985  \\$aISSN still prepub at 15/5/22
=985  \\$aLast issue of previous title also entitled Bulletin of ASOR, but came prior to change of body name to American Society of Overseas Research in 2021, so expansion of body acronym is different
=CAT  \\$a8335$b40$c20210816$lBLL01$h1320
=CAT  \\$a8335$b40$c20210816$lBLL01$h1329
=CAT  \\$a8335$b40$c20210816$lBLL01$h1409
=CAT  \\$a8335$b40$c20210816$lBLL01$h1412
=CAT  \\$a8124$b40$c20220519$lBLL01$h1209
=CAT  \\$a8871$b40$c20220519$lBLL01$h1255
=CAT  \\$a8124$b40$c20220519$lBLL01$h1332
=CAT  \\$a12654$b40$c20220523$lBLL01$h1100
=CAT  \\$a8124$b40$c20220524$lBLL01$h1555
=CAT  \\$a8124$b40$c20220524$lBLL01$h1558
=CAT  \\$a8335$b40$c20220526$lBLL01$h0858
=CAT  \\$a8335$b40$c20220526$lBLL01$h0900
=CAT  \\$a8335$b40$c20220526$lBLL01$h0916
=CAT  \\$a8335$b40$c20220526$lBLL01$h0917
=CAT  \\$a8335$b40$c20220526$lBLL01$h0919
=CFI  0\$aCurrent copyright fee: GBP10.95$c0$e23-may-2022$fGBP10.95$g0$hC$5Uk
=FIN  \\$aY$d20220519
=FMT  \\$a  SE
=LAS  \\$a8335$b40$c20220526$lBLL01$h0919
=LKR  \\$aPAR$b011112753$lBLL01$nBulletin of the American Schools of Oriental Research$mBulletin of ASOR$r78000
=TOC  \\$aETOC

