=LDR  01946cas a2200517 i 4500
=001  020309005
=003  Uk
=005  20220331135351.0
=007  ta
=008  210826c20229999xxubr\p\\\\\\\0\\\a0eng\\
=022  0\$a2769-3295
=040  \\$aUk$beng$cUk$erda
=042  \\$aukblsr
=082  04$a631.3$223
=245  00$aJournal of the ASABE.
=246  3\$aJournal of the American Society of Agricultural and Biological Engineers
=264  \1$aSt Joseph, MI :$bAmerican Society of Agricultural and Biological Engineers
=300  \\$billustrations (black and white) ;$c28 cm
=310  \\$aBimonthly
=336  \\$atext$2rdacontent
=337  \\$aunmediated$2rdamedia
=338  \\$avolume$2rdacarrier
=362  0\$aVolume 65, number 1 (January/February 2022)-
=540  \\$aCurrent Copyright Fee: GBP4.38$c0$5Uk
=650  \0$aBioengineering$vPeriodicals.
=650  \0$aAgricultural engineering$vPeriodicals.
=710  2\$aAmerican Society of Agricultural and Biological Engineers.
=780  00$tTransactions of the ASABE$x2151-0032
=852  41$aBritish Library$bDSC$j4947.218150$3Vol. 65, No. 1 (2022)-
=945  \\$aJournal of the ASABE
=959  \\$fCurrently rerceived
=985  \\$aPreliminary pages scanned & sent to ISSN-UK to pass onto USA ISSN Centre (ED 18.3.22)
=CAT  \\$a8335$b40$c20210826$lBLL01$h0939
=CAT  \\$a8335$b40$c20210826$lBLL01$h0944
=CAT  \\$a8335$b40$c20210826$lBLL01$h0950
=CAT  \\$a8483$b40$c20220318$lBLL01$h1140
=CAT  \\$a8483$b40$c20220318$lBLL01$h1207
=CAT  \\$a8483$b40$c20220318$lBLL01$h1224
=CAT  \\$a8335$b40$c20220331$lBLL01$h1352
=CAT  \\$a8335$b40$c20220331$lBLL01$h1353
=CFI  0\$aCurrent Copyright Fee: GBP4.38$c0$e31-mar-2022$fGBP4.38$g0$hC$5Uk
=FIN  \\$aY$d20220318
=FMT  \\$a  SE
=LAS  \\$a8335$b40$c20220331$lBLL01$h1353
=LKR  \\$aPAR$b013535938$lBLL01$r78000$mJournal of the ASABE.$nTransactions of the ASABE.
=TOC  \\$aETOC

