=LDR  02836 as a2200661 a 4500
=001  020325267
=003  Uk
=005  20211021153512.0
=008  910611c19889999dk\fr\p\\\\\\\0\\\b0dan\c
=010  \\$a   92658063 
=022  \\$a2445-5067$l2445-5067$y0904-2334$2h
=035  \\$a(OCoLC)23917424$z(OCoLC)698477038$z(OCoLC)914162462$z(OCoLC)1009009280
=040  \\$aAZU$beng$cAZU$dDLC$dOCLCQ$dJPG$dOCLCQ$dOCLCF$dOCLCO$dOCLCQ$dAVA$dHLS$dOCLCQ$dZYU$dUk
=041  0\$adan$aeng$afre$anor$aswe
=042  \\$aukblsr
=050  00$aTR640$b.K38
=050  14$aNH1$b.K38
=082  04$a770.5$223
=130  0\$aKatalog (Odense, Denmark)
=222  \0$aKatalog$b(Designkompagniet)
=245  10$aKatalog.
=246  3\$aJournal of photography & video
=246  3\$aPhotography and video
=264  \1$31988-2013 :$aOdense, Denmark :$bMuseet for Fotokunst & Forlaget Brandts Klædefabrik
=264  31$32015- :$aKerteminde, Denmark :$bDesignkompagniet
=300  \\$av. :$billustrations (some color) ;$c25-29 cm.
=310  \\$a2 issues yearly,$b2015-
=321  \\$aQuarterly,$b1988-1997
=321  \\$a3 issues yearly,$b1998-2013
=336  \\$atext$btxt$2rdacontent
=337  \\$aunmediated$bn$2rdamedia
=338  \\$avolume$bnc$2rdacarrier
=362  1\$aBegan with 1. årg., nr. 1 in 1988.
=500  \\$a"Journal of photography & video" <2020- > (subtitle varies).
=500  \\$aEditor: Jens Friis, 2003-.
=515  \\$aNone published in 2014.
=515  \\$aNumbering for issues published <2013- > lack captions (i.e., <25.3 (2013)- >).
=546  \\$aDanish, English, French, Norwegian, and Swedish ; English and Danish, Norwegian or Swedish <2018>-.
=555  \\$a1. årg. (1988-89)-2. årg. (1989-90), in 3. årg., nr. 1 (sept. 1990).
=588  0\$a1. årg., nr. 1, published in 1988; title from cover.
=588  \\$aLatest issue consulted: 29.2 (2018).
=650  \0$aPhotography, Artistic$vPeriodicals.
=650  \7$aPhotography, Artistic.$2fast$0(OCoLC)fst01061964
=655  07$aPeriodicals.$2aat
=655  \7$aPeriodicals.$2fast$0(OCoLC)fst01411641
=710  2\$aMuseet for fotokunst (Odense, Denmark),$esponsoring body,$epublisher.
=710  2\$aForlaget Brandts klædefabrik,$epublisher.
=710  2\$aDesignkompagniet,$esponsoring body,$epublisher.
=776  08$iOnline version:$tKatalog (Odense, Denmark)
=852  41$aBritish Library$bHMNTS$jZD.9.a.3082$3n. 29.2, n. 31.1, n.31.2, n.32.1.
=985  \\$aISSN Portal has c/t at 2015 from Katalog (Museet for Fotokunst) but journal website sees journal as having an unbroken run since 1988
=CAT  \\$a8496$b40$c20210913$lBLL01$h0936
=CAT  \\$a8124$b40$c20211021$lBLL01$h1532
=CAT  \\$a8124$b40$c20211021$lBLL01$h1535
=FIN  \\$aY$d20211021
=FMT  \\$a  SE
=LAS  \\$a8124$b40$c20211021$lBLL01$h1535
=SID  \\$aZ39$bOCLC

