=LDR  01839cas a2200457 i 4500
=001  020325380
=003  Uk
=005  20220114212843.0
=007  ta
=008  210913c201u9999sx\uu\p\\\\\\o0\\\a0eng\\
=022  \\$y2026-8734
=040  \\$aUk$beng$cUk$erda
=042  \\$aukblsr
=082  04$a337.168$223
=130  0\$aSpotlight (Windhoek, Namibia)
=245  10$aSpotlight :$ba conducive business environment for inclusive and sustainable industrial development, increased intra-trade and job creation.
=246  17$aSpotlight on SADC
=246  13$aSpotlight on Southern African Development Community
=264  \1$aWindhoek, Namibia :$bNamibia Press Agency,$c[2018?]-
=300  \\$billustrations (colour) ;$c30 cm
=336  \\$atext$2rdacontent
=337  \\$aunmediated$2rdamedia
=338  \\$avolume$2rdacarrier
=500  \\$aIn the title, the letter 'o' in Spotlight is represented by the SADC logo.
=588  \\$aDescription based on: volume 2, issue 1 (2019).
=610  20$aSouthern African Development Community$vPeriodicals.
=650  \0$aEconomic development$zAfrica, Southern$vPeriodicals.
=651  \0$aAfrica, Southern$xEconomic integration$vPeriodicals.
=651  \0$aAfrica, Southern$xEconomic conditions$vPeriodicals.
=690  7\$aManagement and Business Studies$2blcoll
=710  2\$aSouthern African Development Community.
=710  2\$aNamibia Press Agency.
=852  41$aBritish Library$bHMNTS$jZD.9.b.3061$3Issue 1, (2019)
=985  \\$aISSN 2026-8734 (ISSN National Centre for Namibia) not validated on ISSN Portal.
=CAT  \\$a10953$b40$c20210913$lBLL01$h1447
=CAT  \\$a11205$b40$c20220111$lBLL01$h1114
=CAT  \\$a11205$b40$c20220111$lBLL01$h1131
=CAT  \\$aBATCH-MBS$c20220114$lBLL01$h2128
=FIN  \\$aY$d20220111
=FMT  \\$a  SE
=LAS  \\$aBATCH-MBS$b00$c20220114$lBLL01$h2128

