=LDR  01132cas a2200337 i 4500
=001  020343008
=003  Uk
=005  20210929172530.0
=007  ta
=008  210929c20219999enkar\p\\\\\\\0\\\a0eng\\
=015  \\$aGBC1G3816$2bnb
=040  \\$aUk$beng$cUk$erda
=042  \\$aukblsr
=082  04$a302.231$223
=245  00$aDead slow.
=264  \1$a[London?] :$bUnique Magazines,$c2021-
=300  \\$billustrations (colour) ;$c30 cm in 32 cm card sleeve
=310  \\$aAnnual
=336  \\$atext$2rdacontent
=337  \\$aunmediated$2rdamedia
=338  \\$avolume$2rdacarrier
=500  \\$aThe magazine is part of a project which includes video, podcast episodes and online elements.
=650  \0$aDigital media$xSocial aspects$vPeriodicals.
=650  \0$aCulture$vPeriodicals.
=650  \0$aPopular culture$vPeriodicals.
=852  41$aBritish Library$bHMNTS$jZC.9.d.684$32021-
=985  \\$aRelated to Pendora, ISSN 2752-6518, pre-pub title, Aleph 020197691. May need 787 and LKR on completion.
=CAT  \\$a11315$b40$c20210929$lBLL01$h1725
=FIN  \\$aY$d20210929
=FMT  \\$a  SE
=LAS  \\$a11315$b40$c20210929$lBLL01$h1725

