=LDR  01514cas a2200397 i 4500
=001  020367262
=003  Uk
=005  20211021142849.0
=007  ta
=008  211021c20219999it\tr\p\\\\\\\0\\\a0eng\\
=040  \\$aUk$beng$cUk$erda
=042  \\$aukblsr
=082  04$a372.130945$223
=245  00$aLavori in corso primaria :$bdidatticamente scuola primaria.
=246  13$aLavori in corso sculola primaria
=264  \1$aRoma :$bPagine,$c2021-
=300  \\$billustrations (black and white), maps (black and white) ;$c30cm
=310  \\$aThree times a year
=336  \\$atext$2rdacontent
=337  \\$aunmediated$2rdamedia
=338  \\$avolume$2rdacarrier
=362  0\$aN. 38 (Gennaio 2021)-
=500  \\$aEach issue accompanied by supplements: Orizzonte infanzia, and: Mano nella mano.
=588  \\$aLatest issue consulted: numero 39 (Aprile 2021).
=650  \0$aEducation, Elementary$zItaly$vPeriodicals.
=655  \0$aEducation, Elementary$xActivity programs$zItaly.
=780  00$tLavori in corso. Didatticamente scuola primaria$x2281-9312
=852  \\$aBritish Library$bHMNTS$jZF.9.b.2014
=985  \\$aNo new ISSN from Italian centre yet on Portal Oct 2021
=CAT  \\$a8124$b40$c20211021$lBLL01$h1355
=CAT  \\$a8124$b40$c20211021$lBLL01$h1357
=CAT  \\$a8124$b40$c20211021$lBLL01$h1428
=FIN  \\$aY$d20211021
=FMT  \\$a  SE
=LAS  \\$a8124$b40$c20211021$lBLL01$h1428
=LKR  \\$aPAR$b016942027$lBLL01$nLavori in corso. Didatticamente scuola primaria$mLavori in corso primaria$r78000

