=LDR  02125cas a2200553 i 4500
=001  020372525
=003  Uk
=005  20221231145525.0
=007  ta
=008  211028c20219999cc\qr\p\\\\\\\0\\\a0eng\\
=022  \\$a2096-9899
=040  \\$aUk$beng$cUk$erda
=042  \\$aukblsr
=082  04$a560$223
=222  \0$aGujizhui dongwu xuebao$b(Zhong-yingwen ban)
=245  00$aGujizhui dongwu xuebao :$bZhong-yingwen ban.
=246  3\$aVertebrata palasiatica
=250  \\$aEnglish/Chinese version.
=264  \1$aBeijing :$bScience Press,$c2021-
=300  \\$billustrations (black and white, and colour) ;$c26 cm
=310  \\$aQuarterly
=336  \\$atext$2rdacontent
=337  \\$aunmediated$2rdamedia
=338  \\$avolume$2rdacarrier
=362  0\$aVol. 59, no. 1 (Jan. 2021)-
=540  \\$aCurrent Copyright Fee: GBP25.00$c0$5Uk
=588  \\$aLatest issue consulted: vol. 59, no. 2 (2021).
=650  \0$aVertebrates, Fossil$vPeriodicals.
=710  2\$aZhongguo ke xue yuan.$bGu ji zhui dong wu yu gu ren lei yan jiu suo.
=780  00$tGujizhui dongwu xuebao$x1000-3118
=852  41$aBritish Library$bDSC$j4230.255000$3Vol. 59, no. 1 (2021)-
=945  \\$aGujizhui dongwu xuebao -Zhong-yingwen ban-
=959  \\$fCurrently received
=985  \\$aTreated as a C/T as new ISSN allocated. Zhong-yingwen ban = Chinese/English version.
=CAT  \\$a5110$b40$c20211028$lBLL01$h1112
=CAT  \\$a5110$b40$c20211028$lBLL01$h1119
=CAT  \\$a11385$b40$c20211104$lBLL01$h0741
=CAT  \\$a11385$b40$c20211104$lBLL01$h0756
=CAT  \\$a5410$b40$c20211109$lBLL01$h1313
=CAT  \\$a5552$b40$c20211210$lBLL01$h0739
=CAT  \\$aBATCH-CLA$b00$c20221221$lBLL01$h1939
=CAT  \\$aIPL-CLA$c20221231$lBLL01$h1455
=CFI  0\$aCurrent Copyright Fee: GBP25.00$c0$e01-jan-2023$fGBP25.00$g0$hA$5Uk
=CFI  2\$aPrevious copyright fee: GBP22.50$c0$e04-nov-2021$fGBP22.50$g0$hA$5Uk
=FIN  \\$aY$d20211028
=FMT  \\$a  SE
=LAS  \\$aIPL-CLA$b00$c20221231$lBLL01$h1455
=LKR  \\$aPAR$b011771096$lBLL01$nGujizhui dongwu xuebao$mGujizhui dongwu xuebao (Zhong-yingwen ban)$r78000
=TOC  \\$aETOC

