=LDR  01788cas a2200481 i 4500
=001  020395444
=003  Uk
=005  20211122115622.0
=007  ta
=008  211117c20219999be\mr\p\\\\\\\0\\\a0dut\\
=022  \\$y0371-683X
=040  \\$aUk$beng$cUk$erda
=042  \\$aukblsr
=082  04$a610.5$223
=245  00$aTijdschrift voor geneeskunde en gezondheidszorg.
=246  30$aTvgg
=264  \1$aLeuven :$b[publisher not identified],$c2021-
=300  \\$billustrations (colour) ;$c30 cm
=310  \\$aMonthly
=336  \\$atext$2rdacontent
=337  \\$aunmediated$2rdamedia
=338  \\$avolume$2rdacarrier
=362  0\$a77, nr.1 (Januari 2021)-
=540  \\$aBritish Library not licensed to copy$c0$5Uk
=588  \\$aLatest issue consulted: 77, nr.11 (November 2021).
=650  \0$aMedicine$vPeriodicals.
=776  08$iAlso issued online as:$tTijdschrift voor geneeskunde en gezondheidszorg
=780  00$tTijdschrift voor geneeskunde$x0371-683X
=852  41$aBritish Library$bDSC$j8841.470000$3Vol. 77, No. 1 (2021)-
=945  \\$aTijdschrift voor geneeskunde en gezondheidszorg
=959  \\$fCurrently received
=985  \\$aDescription based on surrogate of vol. 77, no. 1 (2021). No new ISSN as at 17/11/21
=CAT  \\$a8124$b40$c20211117$lBLL01$h1642
=CAT  \\$a8124$b40$c20211117$lBLL01$h1645
=CAT  \\$a8124$b40$c20211117$lBLL01$h1650
=CAT  \\$a8124$b40$c20211117$lBLL01$h1653
=CAT  \\$a8335$b40$c20211122$lBLL01$h1156
=CFI  0\$aBritish Library not licensed to copy$c0$e22-nov-2021$hC$iCFP Excluded$5Uk
=FIN  \\$aY$d20211117
=FMT  \\$a  SE
=LAS  \\$a8335$b40$c20211122$lBLL01$h1156
=LKR  \\$aPAR$b011136955$lBLL01$nTijdschrift voor geneeskunde$mTijdschrift voor geneeskunde en gezondheidszorg$r78000
=TOC  \\$aETOC

