=LDR  03701cas a2200757 i 4500
=001  020430264
=003  Uk
=005  20220803124025.0
=006  m\\\\\\\\d\|\\\\\\
=007  cr\|||||||||||
=008  191112c20229999njumr\j\o\\\\\0\\\a0eng\\
=022  \\$y2692-7691$y1096-8644
=037  \\$aISSN_26927691_2$bPortico$nWiley
=040  \\$aUk$beng$cUk$dUk$erda
=042  \\$aukblsr
=082  04$a599.9$223
=245  00$aAmerican journal of biological anthropology.
=264  31$aHoboken, NJ :$bJohn Wiley & Sons Inc,$c2022-
=300  \\$billustrations (colour)
=310  \\$aMonthly
=336  \\$atext$2rdacontent
=337  \\$acomputer$2rdamedia
=338  \\$aonline resource$2rdacarrier
=362  0\$aVolume 177, issue 1 (January 2022)-
=500  \\$aTitle from PDF article header (wiley Online Library, viewed August 1, 2022).
=515  \\$aSome issues have supplements. One supplement per year entitled: Yearbook of biological anthropology.
=515  \\$a"Published monthly in three quarterly volumes of four issues each" - journal website.
=540  \\$aCurrent Copyright Fee: GBP46.00$c35\0$5Uk
=550  \\$a"Official journal of the American Association of Biological Anthropologists."
=580  \\$aWebsite includes issues of earlier title: American journal of physical anthropology.
=588  \\$aLatest issue consulted: volume 178, issue 4 (August 2022) (viewed August 1, 2022).
=650  \0$aPhysical anthropology$vPeriodicals.
=710  2\$aAmerican Association of Biological Anthropologists,$eissuing body.
=740  0\$aYearbook of biological anthropology.
=780  10$tAmerican journal of physical anthropology (Online)$x1096-8644
=852  41$aBritish Library$bHMNTS$jELD Digital store$3Volume 177:Issue 1(2022)-
=856  40$uhttps://onlinelibrary.wiley.com/journal/26927691
=856  \\$31850-9999$uhttp://onlinelibrary.wiley.com/$xBLDSS
=856  40$uhttps://onlinelibrary.wiley.com/journal/10968644
=859  \\$aELD$bejournal
=945  \\$aAmerican journal of biological anthropology
=979  \\$aBritish Library$bDSC$j0821.970000N
=985  \\$aPrint version of previous title of Yearbook supplement catalogued separately on 012115783, both online and print previous title yearbooks have separate ISSN but yearbooks (old & new title) are being listed on main journal webpage in number sequence with main journal and its other non-yearbook supplements. Online yearbook supplements have been added to main online journal issues for previous title, so am continuing with this as no prepub ISSN for new yearbook title is listed on Portal, CS
=985  \\$aISSN stil prepub as at 1.8.22
=985  \\$aWFH record (CS) 2022
=CAT  \\$a5552$b40$c20211221$lBLL01$h0829
=CAT  \\$aBLDSS-3PM$b00$c20211229$lBLL01$h0926
=CAT  \\$aBATCH-UPD$b00$c20211229$lBLL01$h0927
=CAT  \\$a5410$b40$c20220105$lBLL01$h1407
=CAT  \\$a14586$b40$c20220728$lBLL01$h1125
=CAT  \\$a11315$b40$c20220729$lBLL01$h1538
=CAT  \\$a8124$b40$c20220801$lBLL01$h1451
=CAT  \\$a8124$b40$c20220801$lBLL01$h1535
=CAT  \\$a8124$b40$c20220802$lBLL01$h0735
=CAT  \\$a8124$b40$c20220802$lBLL01$h0738
=CAT  \\$a8124$b40$c20220803$lBLL01$h1240
=CFI  0\$aCurrent Copyright Fee: GBP46.00$c35\0$e21-dec-2021$fGBP46.00$g0$hP$5Uk
=FFP  \\$aY$bBLDSS-3PM
=FIN  \\$aY$d20220729
=FMT  \\$a  SE
=LAS  \\$a8124$b40$c20220803$lBLL01$h1240
=LET  \0$aAmerican journal of biological anthropology (Electronic)
=LKR  \\$aPAR$b013345396$lBLL01$r78000$mAmerican journal of biological anthropology.$nAmerican journal of physical anthropology (Online)
=MNI  \\$a2692-7691
=TOC  \\$aETOC
=UNO  \\$aY

