=LDR  01420cas a2200397 i 4500
=001  020441636
=003  Uk
=005  20220420124604.0
=007  ta
=008  220111c20229999ru\uu\p\\\\\\\0\\\c0rus\\
=022  \\$y2713-0592
=040  \\$aUk$beng$cUk$erda
=042  \\$aukblsr
=082  04$a349.4731$223
=245  00$6880-01$aVestnik Moskvy.
=264  \1$aMoskva :$bDepartament sredstv massovoj informacii i reklamy goroda Moskvy,$c2022-
=300  \\$c28 cm
=336  \\$atext$2rdacontent
=337  \\$aunmediated$2rdamedia
=338  \\$avolume$2rdacarrier
=362  0\$aNo. 1, tom 1 (yanvar' 2022)-
=650  \0$aLaw$zRussia (Federation)$zMoscow$vPeriodicals.
=650  \0$aMayors$zRussia (Federation)$vPeriodicals.
=650  \0$aGazettes$zRussia (Federation)$vperiodicals.
=651  \0$aMoscow, Russia (Federation)$xPolitics and government$y1991-$vPeriodicals.
=710  1\$aRussia (Federation).$bPravitelʹstvo Moskvy.
=780  00$tVestnik mėra i pravitelʹstva Moskvy
=852  41$aBritish Library$bHMNTS$jZF.9.b.68
=880  00$6245-01$aВестник Москвы
=985  \\$aISSN still provisional record on Portal
=CAT  \\$a8496$b40$c20220111$lBLL01$h0807
=CAT  \\$a8124$b40$c20220420$lBLL01$h1246
=FIN  \\$aY$d20220420
=FMT  \\$a  SE
=LAS  \\$a8124$b40$c20220420$lBLL01$h1246
=LKR  \\$aPAR$b012439367$lBLL01$nVestnik mėra i pravitelʹstva Moskvy$mVestnik Moskvy$r78000

