=LDR  01529cas a2200433 i 4500
=001  020465937
=003  Uk
=005  20221007135314.0
=006  m\\\\\|\\d\|\\\\\\
=007  cr\|||||||||||
=008  220125c20229999nyufr\j\o\\\\\0\\\a0eng\\
=022  \\$a2693-0137
=037  \\$aISSN_26930129_116$bPortico$nBerghahn Journals
=040  \\$aUk$beng$cUk$erda
=042  \\$aukblsr
=082  04$a790.2$223
=245  00$aTURBA :$bthe journal for global practices in live arts curation.
=264  \1$a[New York?] :$bBerghahn Books,$c2022-
=310  \\$aSemiannual
=336  \\$atext$2rdacontent
=337  \\$acomputer$2rdamedia
=338  \\$aonline resource$2rdacarrier
=362  0\$aVolume 1, issue 1 (March 2022)-
=500  \\$aTitle from journal homepage (publisher's website, viewed October 7, 2022).
=650  \0$aCuratorship$vPeriodicals.
=650  \0$aPerforming arts$vPeriodicals
=852  41$aBritish Library$bHMNTS$jELD Digital store$3Volume 1:Issue 1(2022)-
=856  40$uhttps://www.berghahnjournals.com/view/journals/turba/turba-overview.xml
=859  \\$aELD$bejournal
=985  \\$aISSN not yet confirmed by U.S. Center - please add 222 on completion.
=CAT  \\$a15190$b40$c20220125$lBLL01$h1156
=CAT  \\$a15190$b40$c20220125$lBLL01$h1158
=CAT  \\$a10983$b40$c20220917$lBLL01$h1057
=CAT  \\$a10806$b40$c20221007$lBLL01$h1306
=CAT  \\$a10806$b40$c20221007$lBLL01$h1353
=FIN  \\$aY$d20221007
=FMT  \\$a  SE
=LAS  \\$a10806$b40$c20221007$lBLL01$h1353
=MNI  \\$a2693-0129

