=LDR  01990cas a2200529 i 4500
=001  020471070
=003  Uk
=005  20220208120500.0
=006  m\\\\\|\\d\|\\\\\\
=007  cr\|||||||||||
=008  220131c20009999enkmr\p\o\\\\\0\\\a0eng\\
=015  \\$aGBC217336$2bnb
=040  \\$aUk$beng$cUk$erda
=042  \\$aukblsr
=082  04$a320.532$223
=130  0\$aChallenge (London, England : 2000)
=245  10$aChallenge.
=260  \\$aLondon :$bYCL,$c2000-
=300  \\$billustrations
=310  \\$aMonthly
=321  \\$aIrregular
=321  \\$aQuarterly
=336  \\$atext$2rdacontent
=337  \\$acomputer$2rdamedia
=338  \\$aonline resource$2rdacarrier
=362  1\$aPrint began with Issue 1 (Oct./Nov. [2000]).
=580  \\$aAlso issued regularly iin print to <2017>; from <2022> "exists sporadically as a physical edition".
=580  \\$aContinues: Young Communist.
=588  \\$aDescription based on print version record.
=588  \\$aLatest issue consulted: Centenary edition = August 2021 (publisher's Web site, viewed January 27, 2022)
=650  \0$aCommunism$vPeriodicals.
=710  2\$aYoung Communist League (Great Britain)
=776  1\$sChallenge (London, England : 2000)$x2634-2197
=852  41$aBritish Library$bHMNTS$jELD Digital store$3(2018:Mar.)-
=856  4\$uhttps://challenge-magazine.org/magazine/$zTo subscribe
=859  \\$aELD$bejournal
=985  \\$aJust the Centenary edition seen so far. RB will check for subsequent receipt of ordinary issues before assigning an ISSN - GC 8/2/22.
=CAT  \\$a3072$b40$c20220131$lBLL01$h1246
=CAT  \\$a3072$b40$c20220208$lBLL01$h1103
=CAT  \\$a3072$b40$c20220208$lBLL01$h1112
=CAT  \\$a3072$b40$c20220208$lBLL01$h1125
=CAT  \\$a3072$b40$c20220208$lBLL01$h1205
=FIN  \\$aY$d20220208
=FMT  \\$a  SE
=LAS  \\$a3072$b40$c20220208$lBLL01$h1205
=LET  \0$aChallenge (Electronic)
=LKR  \\$aPAR$b009914970$lBLL01$nChallenge (Print)$mChallenge (Online)$r776

