=LDR  02802cas a2200721 i 4500
=001  020471127
=003  Uk
=005  20230125143614.0
=006  m\\\\\o\\d\\\\\\\\
=007  cr\|||||||||||
=008  210513c20229999cc\qr\p\o\\\\\|\\\a0eng\\
=010  \\$a  2021201187
=022  0\$a2768-1696$l2768-1688$21
=035  \\$a(OCoLC)1250390630
=037  \\$aISSN_27681696_2$bPortico$nWiley
=040  \\$aDLC$beng$cDLC$dDLC$dOCLCO$dOCLCF$dCLU$dCUV$dUk$erda$epn
=042  \\$aukblsr
=050  00$aTK2901
=082  04$a621.31242$223/eng/20220216
=210  0\$aBattery energy$b(Online)
=222  \0$aBattery energy$b(Online)
=245  00$aBattery energy.
=264  \1$aBeijing :$bJohn Wiley & Sons, Inc. in partnership with Xijing University,$c[2022]-
=310  \\$aQuarterly
=336  \\$atext$btxt$2rdacontent
=337  \\$acomputer$bc$2rdamedia
=338  \\$aonline resource$bcr$2rdacarrier
=362  1\$aBegan with: Volume 1, Issue 1 (January 2022).
=506  0\$aOpen access$fUnrestricted online access.$2star
=540  \\$aCurrent copyright fee: zero$c35\0$5Uk
=588  \\$aDescription based on: Volume 1, Issue 1 (January 2022); title from cover image (wiley.com, viewed February 16, 2022).
=588  \\$aLatest issue consulted: Volume 1, Issue 4 (October 2022) (viewed January 11, 2023).
=650  \0$aElectric batteries$vPeriodicals.
=650  \0$aMaterials science$vPeriodicals.
=650  \6$aPiles électriques$vPériodiques.
=650  \6$aScience des matériaux$vPériodiques.
=650  \7$aElectric batteries.$2fast$0(OCoLC)fst00904459
=650  \7$aMaterials science.$2fast$0(OCoLC)fst01011957
=655  \7$aPeriodicals.$2fast$0(OCoLC)fst01411641
=852  41$aBritish Library$bHMNTS$jELD Digital store$3Volume 1:Issue 1(2022)-
=856  \\$31850-9999$uhttp://onlinelibrary.wiley.com/$xBLDSS
=856  40$uhttps://onlinelibrary.wiley.com/journal/27681696$xOA-J$70
=859  \\$aELD$bejournal
=945  \\$aBattery Energy
=979  \\$aBritish Library$bDSC$j1866.618000N
=985  \\$aProvisional ISSN record for a print version exists 2768-1688
=CAT  \\$a5552$b40$c20220131$lBLL01$h1459
=CAT  \\$aBLDSS-3PM$b00$c20220208$lBLL01$h0818
=CAT  \\$aBATCH-UPD$b00$c20220208$lBLL01$h0819
=CAT  \\$a5410$b40$c20220211$lBLL01$h1008
=CAT  \\$a5410$b40$c20220216$lBLL01$h0922
=CAT  \\$a11450$b40$c20220325$lBLL01$h1138
=CAT  \\$a8124$b40$c20230111$lBLL01$h0949
=CAT  \\$a8124$b40$c20230111$lBLL01$h0950
=CAT  \\$a8124$b40$c20230125$lBLL01$h1436
=CFI  0\$aCurrent copyright fee: zero$c35\0$e31-jan-2022$fGBP0.00$g0$hP$5Uk
=FFP  \\$aY$bBLDSS-3PM
=FIN  \\$aY$d20230111
=FMT  \\$a  SE
=LAS  \\$a8124$b40$c20230125$lBLL01$h1436
=SID  \\$aZ39$bOCLC
=TOC  \\$aETOC
=UNO  \\$aY

