=LDR  02186cas a2200529 i 4500
=001  020505379
=003  Uk
=005  20220907215548.0
=007  ta
=008  810602d19771978gw\zr\p\\\\\\\0\\\b0ger\d
=022  \\$a0170-9895
=035  \\$a(OCoLC)499279331
=040  \\$aUKMGB$beng$cUKMGB$dOCLCQ$dOCLCO$dOCLCF$dOCLCQ$dOCLCO$dUk
=222  \0$aSchreibheft
=245  00$aSchreibheft :$bProsa, Lyrik.
=260  \\$a[Essen] :$bBienek & Homann,$c1977-1978.
=300  \\$avolumes :$billustrations ;$c21 x 30 cm
=310  \\$aFrequency varies : between 3 and 5 issues a year
=336  \\$atext$btxt$2rdacontent
=337  \\$aunmediated$bn$2rdamedia
=338  \\$avolume$bnc$2rdacarrier
=362  0\$aNr 1 (März 1977)-Nr.8
=500  \\$aNr 4-8 subtitled "Essener Literaturmagazin."
=500  \\$aNumber 5-8 bound with "Fenster".
=540  \\$aCurrent copyright fee: GBP10.50$c0.$5Uk
=648  \7$a1900-1999$2fast
=650  \0$aGerman literature$y20th century$vPeriodicals.
=650  \0$aLiterature, Modern$y20th century$xHistory and criticism$vPeriodicals.
=650  \0$aLiterature, Modern$y20th century$xTranslations into German$vPeriodicals.
=650  \6$aLittérature allemande$y20e siècle$vPériodiques.
=650  \6$aLittérature$y20e siècle$xHistoire et critique$vPériodiques.
=650  \7$aGerman literature.$2fast$0(OCoLC)fst00941797
=650  \7$aLiterature, Modern.$2fast$0(OCoLC)fst01000172
=655  \7$aCriticism, interpretation, etc.$2fast$0(OCoLC)fst01411635
=655  \7$aPeriodicals.$2fast$0(OCoLC)fst01411641
=740  02$aFenster
=785  00$tSchreibheft, Fenster$x0172-343x
=852  41$aBritish Library$bHMNTS$jZF.9.b.2130$3Nr. 1 (1977)-nr. 8 (1978)
=985  \\$aC/Ts done to mirror ISSN records. This title contained Fenster, which retained its separate identiity with title page and numbering, halfway through the issue.
=CAT  \\$a10953$b40$c20220302$lBLL01$h0728
=CAT  \\$a8483$b40$c20220907$lBLL01$h1409
=CAT  \\$a8483$b40$c20220907$lBLL01$h1435
=CAT  \\$aBATCH-016$c20220907$lBLL01$h2155
=FIN  \\$aY$d20220907
=FMT  \\$a  SE
=LAS  \\$aBATCH-016$b00$c20220907$lBLL01$h2155
=SID  \\$aZ39$bOCLC

