=LDR  02178cas a2200565 i 4500
=001  020508420
=003  Uk
=005  20221231145525.0
=007  ta
=008  220804c20229999oncfr\j\\\\\\\0\\\a0eng\\
=022  \\$y2816-6469
=040  \\$aUk$beng$cUk$erda
=041  0\$aeng$afre
=042  \\$aukblsr
=082  04$a610.971$223
=245  00$aCanadian journal of health history =$bRevue canadienne d'histoire de la santé.
=246  31$aRevue canadienne d'histoire de la santé
=246  13$aCJHH
=246  13$aRCHS
=264  \1$aNorth York, Toronto :$bUniversity of Toronto Press for the Canadian Society for the History of Medicine,$c2022-
=300  \\$billustrations (black and white) ;$c23 cm
=310  \\$aSemiannual
=336  \\$atext$2rdacontent
=337  \\$aunmediated$2rdamedia
=338  \\$avolume$2rdacarrier
=362  0\$a39.1 (April/Avril 2022)-
=540  \\$aCurrent Copyright Fee: GBP25.00$c0$5Uk
=546  \\$aArticles in English or French.
=650  \0$aMedicine$zCanada$xHistory$vPeriodicals.
=650  \0$aMedicine$xHistory$vPeriodicals.
=710  2\$aCanadian Society for the History of Medicine,$eissuing body.
=776  08$iAlso issued online as:$tCanadian journal of health history$x2816-6477
=780  00$tCanadian bulletin of medical history
=852  41$aBritish Library$bDSC$j3031.605550$3Vol. 39 (2022)-
=945  \\$aCanadian journal of health history
=959  \\$fCurrently received
=985  \\$aISSN stil prepub as at 4/8/22, CS
=CAT  \\$a6558$b40$c20220308$lBLL01$h1318
=CAT  \\$a12654$b40$c20220413$lBLL01$h0817
=CAT  \\$a8124$b40$c20220804$lBLL01$h1238
=CAT  \\$a6558$b40$c20220808$lBLL01$h1237
=CAT  \\$aBATCH-CLA$b00$c20221221$lBLL01$h1939
=CAT  \\$aIPL-CLA$c20221231$lBLL01$h1455
=CFI  0\$aCurrent Copyright Fee: GBP25.00$c0$e01-jan-2023$fGBP25.00$g0$hA$5Uk
=CFI  2\$aPrevious copyright fee: GBP22.50$c0$e13-apr-2022$fGBP22.50$g0$hA$5Uk
=FIN  \\$aY$d20220804
=FMT  \\$a  SE
=LAS  \\$aIPL-CLA$b00$c20221231$lBLL01$h1455
=LKR  \\$aPAR$b011741936$lBLL01$nCanadian bulletin of medical history$mCanadian bulletin of health history$r78000
=TOC  \\$aETOC

