=LDR  02551cas a2200649 i 4500
=001  020529364
=003  Uk
=005  20230823144546.0
=006  m\\\\\|\\d\|\\\\\\
=007  cr\|||||||||||
=008  220324c20229999xxcfr\j\o\\\\\0\\\a0eng\\
=022  \\$y2563-9021
=037  \\$aISSN_25639021_74$bPortico$nLippincott Williams & Wilkins
=040  \\$aUk$beng$cUk$erda
=042  \\$aukblsr
=082  04$a615.854$223
=245  00$aPrecision nutrition.
=264  \1$a[North York, Ontario?] :$bWolters Kluwer Health
=300  \\$billustrations (black and white, and colour)
=310  \\$aSemiannual
=336  \\$atext$2rdacontent
=337  \\$acomputer$2rdamedia
=338  \\$aonline resource$2rdacarrier
=362  0\$aVolume 1, issue 1 (June 2022)-
=500  \\$aTitle from PDF article header (LWW journals website, viewed November 29, 2022).
=540  \\$aCurrent copyright fee: zero$c20\0$5Uk
=588  \\$aLatest issue consulted: volume 1, issuie 2 (November 2022) (viewed November 29, 2022).
=650  \7$aDiet therapy.$2fast$0(OCoLC)fst00893321
=650  \7$aNutrition.$2fast$0(OCoLC)fst01042187
=650  \7$aPersonalized medicine.$2fast$0(OCoLC)fst01910010
=655  \7$aPeriodicals.$2fast$0(OCoLC)fst01411641
=852  41$aBritish Library$bSTI$jELD Digital store$3Volume 1:Issue 2(2022)-
=856  \\$31850-9999$uhttp://journals.lww.com/pages/default.aspx$xBLDSS
=856  4\$uhttps://journals.lww.com/pn/pages/default.aspx
=859  \\$aELD$bejournal
=945  \\$aPrecision nutrition.
=979  \\$aBritish Library$bDSC$j6603.999000N
=985  \\$aprepub ISSN 2563-9021 on file is for the print version, but as journal is online only, this will probably be converted to the online ISSN when completed
=985  \\$aWFH record (CS) 2022
=CAT  \\$a11450$b40$c20220324$lBLL01$h0907
=CAT  \\$a8124$b40$c20221129$lBLL01$h1450
=CAT  \\$a14586$b40$c20230125$lBLL01$h1646
=CAT  \\$a12654$b40$c20230215$lBLL01$h1056
=CAT  \\$aBLDSS-3PM$b00$c20230221$lBLL01$h1035
=CAT  \\$aBATCH-UPD$b00$c20230221$lBLL01$h1035
=CAT  \\$aBATCH-UNOA$c20230222$lBLL01$h0038
=CAT  \\$a5410$b40$c20230727$lBLL01$h1206
=CAT  \\$a5410$b40$c20230807$lBLL01$h1233
=CAT  \\$a5410$b40$c20230823$lBLL01$h1445
=CFI  0\$aCurrent copyright fee: zero$c20\0$e15-feb-2023$fGBP0.00$g0$hP$5Uk
=FFP  \\$aY$bBLDSS-3PM
=FIN  \\$aY$d20221129
=FMT  \\$a  SE
=LAS  \\$a5410$b40$c20230823$lBLL01$h1445
=LET  \0$aPrecision nutrition (Electronic)
=TOC  \\$aETOC
=UNO  \\$aY

