=LDR  02546cas a2200661 i 4500
=001  020567081
=003  Uk
=005  20230927022526.0
=006  m\\\\\|\\d\|\\\\\\
=007  cr\|||||||||||
=008  220427c20229999enkqr\j\o\\\\\0\\\a0eng\\
=015  \\$aGBC329595$2bnb
=022  \\$a2770-730X
=037  \\$aISSN_2770730X_2$bPortico$nWiley
=040  \\$aUk$beng$cUk$erda
=042  \\$aukblsr
=082  04$a616.8$223
=130  0\$aNeuroprotection (Chichester, England)
=245  10$aNeuroprotection.
=264  \1$a[Chichester] :$bJohn Wiley & Sons, Ltd on behalf of Chinese Medical Association,$c2022-
=310  \\$aQuarterly
=336  \\$atext$2rdacontent
=337  \\$acomputer$2rdamedia
=338  \\$aonline resource$2rdacarrier
=362  0\$aVolume 1, number 1 (2022)-
=500  \\$aTitle from pdf of article, published December 20, 2022 (Wiley Online Library, viewed February 14, 2023).
=540  \\$aCurrent copyright fee: zero$c35\0$5Uk
=550  \\$a"Hosted by Chinese Medical Association (CMA)."
=650  \7$aNervous system$xDiseases$xTreatment.$2fast$0(OCoLC)fst01036124
=650  \7$aNervous system$xDegeneration.$2fast$0(OCoLC)fst01036090
=650  \7$aNeuroprotective agents.$2fast$0(OCoLC)fst01743401
=650  \7$aNeurosciences.$2fast$0(OCoLC)fst01036509
=655  \7$aPeriodicals.$2fast$0(OCoLC)fst01411641
=710  2\$aZhonghua yi xue hui (China : 1949- )
=776  08$iAlso issued in print as:$tNeuroprotection$x2770-7296
=852  41$aBritish Library$bHMNTS$jELD Digital store
=856  \\$31850-9999$uhttp://onlinelibrary.wiley.com/$xBLDSS
=856  40$uhttps://onlinelibrary.wiley.com/journal/2770730x
=859  \\$aELD$bejournal
=945  \\$aNeuroprotection
=979  \\$aBritish Library$bDSC$j6081.519770N
=985  \\$aPrepublication ISSN on ISSN Portal. Please add key title when validated.
=CAT  \\$a15731$b40$c20220427$lBLL01$h1512
=CAT  \\$a10983$b40$c20220917$lBLL01$h1049
=CAT  \\$a11205$b40$c20230214$lBLL01$h1137
=CAT  \\$a12654$b40$c20230920$lBLL01$h1029
=CAT  \\$a12654$b40$c20230920$lBLL01$h1030
=CAT  \\$aBLDSS-3PM$b00$c20230925$lBLL01$h1444
=CAT  \\$aBATCH-UPD$b00$c20230925$lBLL01$h1445
=CAT  \\$aBATCH-UNOA$c20230927$lBLL01$h0225
=CFI  0\$aCurrent copyright fee: zero$c35\0$e20-sep-2023$fGBP0.00$g0$hP$5Uk
=FFP  \\$aY$bBLDSS-3PM
=FIN  \\$aY$d20230214
=FMT  \\$a  SE
=LAS  \\$aBATCH-UNOA$b00$c20230927$lBLL01$h0225
=LET  \0$aNeuroprotection (Electronic)
=MNI  \\$a2770-7296
=UNO  \\$aY

