=LDR  01098cas a22002897a 4500
=001  020567133
=003  Uk
=005  20220430172847.0
=008  220427c20169999gw\\x\m\\\\\\\0\\\b0ger\\
=022  \\$y2366-3693
=040  \\$aUk$beng$cUk
=245  00$aAachener Studien zur Wirtschafts-, Sozial- und Technologiegeschichte.
=264  \1$aAachen :$bShaker Verlag
=336  \\$atext$2rdacontent
=337  \\$aunmediated$2rdamedia
=338  \\$avolume$2rdacarrier
=588  \\$aDescription based on: band 15, entitled: Aachen 1914-1918: 100 Jahre 1. Weltkrieg / Paul Thomes, Tobias Dewes (Hg.), published 2016.
=780  00$tAachener Studien zur Wirtschafts- und Sozialgeschichte$x1611-6275
=852  41$aBritish Library$bHMNTS$3Band 15(2016)-
=985  \\$aMonographic series
=985  \\$aProvisional record on ISSN Portal. Please amend 022 & add 222 when validated.
=CAT  \\$a11205$b40$c20220427$lBLL01$h1711
=CAT  \\$a11029$b40$c20220428$lBLL01$h1224
=CAT  \\$aBATCH-ROF$b00$c20220430$lBLL01$h1728
=FIN  \\$aY$d20220427
=FMT  \\$a  SE
=LAS  \\$aBATCH-ROF$b00$c20220430$lBLL01$h1728

