=LDR  01783cas a2200433 i 4500
=001  020578209
=003  Uk
=005  20220506123425.0
=007  ta
=008  220506c20199999mv\fr\p\\\\\\\0\\\a0eng\\
=022  0\$a2587-4187
=040  \\$aUk$beng$cUk$erda
=041  \\$aeng$brum$brus
=042  \\$aukblsr
=082  04$a300.5$223
=222  \0$aEconomy and sociology
=245  00$aEconomy and sociology :$btheoretical and scientifical journal.
=264  \1$aChisinau :$bNational Institute for Economic Research
=300  \\$billustrations (black and white) ;$c29 cm
=310  \\$aSemiannual
=336  \\$atext$2rdacontent
=337  \\$aunmediated$2rdamedia
=338  \\$avolume$2rdacarrier
=362  1\$aBegan with June 2019, No. 1.
=546  \\$aText in English with contents and abstracts in English, Romanian and Russian.
=588  \\$aDescription based on: December 2021, no. 2.
=650  \0$aEconomics$vPeriodicals.
=650  \0$aSociology$vPeriodicals.
=710  2\$aInstitutul Național de Cercetări Economice (Moldova),$eissuing body.
=780  00$tEconomie şi Sociologie$x1857-4130
=852  41$aBritish Library$bHMNTS$jZA.9.a.7835$3No . (2019)-
=985  \\$aISSN Centre for Moldova has set the start date as 2021, but the original Romanian title dropped off No.1, 2019 & so I have dated that as the start of the new title. Previously, the English parallel title first appeared in 2011, but only as a parallel title. (ED 6.5.2022).
=CAT  \\$a8483$b40$c20220506$lBLL01$h1142
=CAT  \\$a8483$b40$c20220506$lBLL01$h1233
=CAT  \\$a8483$b40$c20220506$lBLL01$h1234
=FIN  \\$aY$d20220506
=FMT  \\$a  SE
=LAS  \\$a8483$b40$c20220506$lBLL01$h1234
=LKR  \\$aPAR$b012445295$lBLL01$r78000$mEconomy and sociology$nEconomie și sociologie

