=LDR  02553cas a2200577 i 4500
=001  020582332
=003  Uk
=005  20221231235401.0
=007  ta
=008  220511c20229999ja\qr\p\\\\\\\0\\\d0jpn\\
=022  \\$a2758-352x$y0914-9996
=040  \\$aUk$beng$cUk$erda
=041  0\$ajpn$beng
=042  \\$aukblsr
=082  04$a004.05$223
=245  00$aBiprogy gihō =$bBiprogy technology review.
=246  31$aBiprogy technology review
=246  30$aGihō
=264  \1$a[Tokyo] :$bNihon Yunishisu Kabushiki Kaisha,$c2022-
=300  \\$billustrations (black and white) ;$c26 cm
=310  \\$aQuarterly
=336  \\$atext$2rdacontent
=337  \\$aunmediated$2rdamedia
=338  \\$avolume$2rdacarrier
=362  0\$aVol. 41, no. 4 = no. 151-
=540  \\$aCurrent Copyright Fee: GBP25.00$c0$5Uk
=546  \\$aIn Japanese with English summaries.
=650  \0$aInformation technology$vPeriodicals.
=650  \0$aComputer science$vPeriodicals.
=710  2\$aBiprogy (Firm),$eissuing body.
=780  00$tUNISYS technology review$x0914-9996
=852  41$aBritish Library$bDSC$j2090.475700$3Vol. 41, no. 4, issue 151 (2022)-
=945  \\$aBiprogy technology review
=959  \\$fCurrently received
=985  \\$aScans of cover etc being sent to Japanese ISSN Centre as ISSN 2758-352x is currently "Unreported" on the Portal. Reply confirms the ISSN is correct, but to date, no key title supplied & not expected on the Portal for quite a while. (ED 12.10.2022).
=985  \\$aDone as c/t because of way ISSN & DSC formerly catalogued title with English form of body name plus Japanese title, Unisys giho. Current title comprises English Corporate body name Biprogy + Japanese title Giho In fact probably same Japanese title (Giho) since 1981, ISSN 0289-6257
=CAT  \\$a8124$b40$c20220511$lBLL01$h1214
=CAT  \\$a8124$b40$c20220512$lBLL01$h1511
=CAT  \\$a8871$b40$c20220519$lBLL01$h1153
=CAT  \\$a11385$b40$c20220520$lBLL01$h0851
=CAT  \\$a8483$b40$c20221012$lBLL01$h1349
=CAT  \\$a8483$b40$c20221013$lBLL01$h0855
=CAT  \\$a8483$b40$c20221013$lBLL01$h0856
=CAT  \\$aBATCH-CLA$b00$c20221221$lBLL01$h1939
=CAT  \\$aIPL-CLA$c20221231$lBLL01$h2354
=CFI  0\$aCurrent Copyright Fee: GBP25.00$c0$e01-jan-2023$fGBP25.00$g0$hA$5Uk
=CFI  2\$aPrevious copyright fee: GBP22.50$c0$e20-may-2022$fGBP22.50$g0$hA$5Uk
=FIN  \\$aY$d20220511
=FMT  \\$a  SE
=LAS  \\$aIPL-CLA$b00$c20221231$lBLL01$h2354
=LKR  \\$aPAR$b010196773$lBLL01$nUNISYS technology review$mBiprogy gihō$r78000

