=LDR  01678cas a2200445 i 4500
=001  020624928
=003  Uk
=005  20220609093319.0
=007  ta
=008  220525c20219999at\ar\p\\\\\\\0\\\a0eng\\
=022  \\$a2653-0848
=040  \\$aUk$beng$cUk$erda
=042  \\$aukblsr
=082  04$a950$223
=245  00$aJournal of the Society for Asian Humanities.
=246  3\$aJOSAH
=264  \1$aSydney :$b[Australian Society for Asian Humanities]
=300  \\$billustrations (black and white) ;$c21 cm
=310  \\$aAnnual
=336  \\$atext$2rdacontent
=337  \\$aunmediated$2rdamedia
=338  \\$avolume$2rdacarrier
=362  0\$aVol. 52 (2020/2021)-
=530  \\$aAlso issued online.
=650  \0$aOriental literature$xCriticism and interpretation$vPeriodicals.
=651  \0$aEast Asia$xHistory$vPeriodicals.
=651  \0$aEast Asia$vPeriodicals.
=710  2\$aAustralian Society for Asian Humanities,$eissuing body.
=780  00$tJournal of the Oriental Society of Australia$x0030-5340
=852  \\$aBritish Library$bHMNTS$jZD.9.a.169$3v. 52 (2020/2021)-
=985  \\$aAustralian ISSN is currently provisional. Scans being sent to their Centre to allow them to validate the number. (ED 27.5.2022).
=CAT  \\$a8496$b40$c20220525$lBLL01$h1622
=CAT  \\$a8483$b40$c20220527$lBLL01$h1445
=CAT  \\$a8483$b40$c20220527$lBLL01$h1448
=CAT  \\$a8483$b40$c20220527$lBLL01$h1450
=CAT  \\$a8871$b40$c20220609$lBLL01$h0933
=FIN  \\$aY$d20220527
=FMT  \\$a  SE
=LAS  \\$a8871$b40$c20220609$lBLL01$h0933
=LKR  \\$aPAR$b013122686$lBLL01$r78000$mJournal of the Society for Asian Humanities.$nJournal of the Oriental Society of Australia

