=LDR  02670cas a2200589 i 4500
=001  020625392
=003  Uk
=005  20230504115452.0
=007  ta
=008  220526c20219999it\ar\\\\\\\\\0\\\f0ara\\
=022  \\$a0256-1190
=040  \\$aUk$beng$cUk$erda
=042  \\$aukblsr
=082  04$a338.1$223
=130  0\$aState of food and agriculture.$lArabic.
=222  \0$aḤālaẗ al-aġd̲iyaẗ wa-al-zirā'aẗ
=245  10$aḤalat al-aghdhīyah wa-al-zirāʿah /$cMunaẓẓamat al-Aghdhiyah wa-al-Zirāʿah lil-Umam al-Muttaḥidah.
=264  \1$aRūmā :$bMunaẓẓamat al-Aghdhiyah wa-al-Zirāʿah lil-Umam al-Muttaḥidah,$c1994-
=300  \\$billustrations (colour) ;$c30 cm
=310  \\$aAnnual
=336  \\$atext$2rdacontent
=337  \\$aunmediated$2rdamedia
=338  \\$avolume$2rdacarrier
=500  \\$aIssues also have individual titles.
=500  \\$aIssued also in English, French, Spanish, Russian and Chinese.
=530  \\$aAlso available online.
=588  \\$aLatest issue consulted: 2021.
=650  \0$aAgriculture$xEconomic aspects$vPeriodicals.
=650  \0$aRural development$vPeriodicals.
=650  \0$aFood security$vPeriodicals.
=690  7\$aManagement and Business Studies$2blcoll
=710  2\$aFood and Agriculture Organization of the United Nations.$bAgriculture and Economic Development Analysis Division,$eissuing body.
=710  2\$aFood and Agriculture Organization of the United Nations.
=775  1\$tState of food and agriculture$x0081-4539
=775  1\$aState of food and agriculture. Spanish.$tEstado mundial de la agricultura y la alimentación$x0251-1371
=775  1\$aState of food and agriculture. Russian.$tPolozhenie del v oblasti prodovol'stvii︠a︡ i sel'skogo khozi︠a︡ĭstva$x2070-0962
=775  1\$aState of food and agriculture. Chinese.$tLiángshi jï nóngyè zhuàngkuàng$x1020-7619
=852  41$aBritish Library$bHMNTS$jZK.9.b.37789$32016, 2019-
=985  \\$aCatalogued from online facsimiles
=985  \\$aISSN not always correct. Check the Portal.
=CAT  \\$a8323$b40$c20220526$lBLL01$h0811
=CAT  \\$a8323$b40$c20220526$lBLL01$h0812
=CAT  \\$a8323$b40$c20220530$lBLL01$h0603
=CAT  \\$a8323$b40$c20220530$lBLL01$h0658
=CAT  \\$a5110$b40$c20220823$lBLL01$h1201
=CAT  \\$aBATCH-MBS$c20220826$lBLL01$h2131
=CAT  \\$a5110$b40$c20230504$lBLL01$h1154
=FIN  \\$aY$d20220526
=FMT  \\$a  SE
=LAS  \\$a5110$b40$c20230504$lBLL01$h1154
=LET  \0$aḤalat al-aghdhīyah wa-al-zirāʿah (Print)
=LKR  \\$aPAR$b012457223$lBLL01$nThe state of food and agriculture$mḤalat al-aghdhīyah wa-al-zirāʿah$r775

