=LDR  01668cas a2200433 i 4500
=001  020643669
=003  Uk
=005  20220628155409.0
=006  m\\\\\|\\d\|\\\\\\
=007  cr\|||||||||||
=008  220616c20209999enkqr\p\o\\\\\0\\\a0eng\\
=015  \\$aGBC2A4815$2bnb
=022  \\$y1694-5964
=040  \\$aUk$beng$cUk$erda
=042  \\$aukblsr
=082  04$a378.005$223
=245  00$aEurasian journal of higher education.
=264  \1$aLondon :$bUKEY Consulting and Publishing,$c2020-
=310  \\$aQuarterly
=336  \\$atext$2rdacontent
=337  \\$acomputer$2rdamedia
=338  \\$aonline resource$2rdacarrier
=362  0\$aVolume 1, number 1 (2020)-
=500  \\$aTitle from PDF header (publisher's website, viewed June 16, 2022).
=515  \\$aOne volume per year, issue numbers are consecutive across volumes.
=588  \\$aLatest issue consulted: volume 3 = number 6 (March 2022)(viewed June 16, 2022).
=650  \0$aEducation, Higher$vPeriodicals.
=852  41$aBritish Library$bHMNTS$jELD Digital store$3Volume 1:Number 1(2020:Dec.)-
=856  40$uhttps://londonic.uk/js/index.php/ljis/index#
=859  \\$aELD$bejournal
=985  \\$aISSN portal states ISSN quoted is a suppressed Kyrgyz number, suppressed as not published in 2017. Print ISSN 1694-5964 is on Portal, began in 2007. Query raised with ISSNuk
=985  \\$aWFH record (CS) 2022
=CAT  \\$a8124$b40$c20220616$lBLL01$h0925
=CAT  \\$a8124$b40$c20220616$lBLL01$h0931
=CAT  \\$a8124$b40$c20220628$lBLL01$h1554
=FIN  \\$aY$d20220616
=FMT  \\$a  SE
=LAS  \\$a8124$b40$c20220628$lBLL01$h1554
=LET  \0$aEurasian journal of higher education (Electronic)

