=LDR  01523cas a22003978i 4500
=001  020656102
=003  Uk
=005  20230427121239.0
=006  m\\\\\\\\d\|\\\\\\
=007  cr||||||||||||
=008  220623c20229999enkfr\p\o\\\\\0\\\a0eng\\
=022  0\$a2753-6254$202
=037  \\$aISSN_27536246_57$bPortico$nEquinox Publishing Ltd
=040  \\$aUk$beng$cUk$erda
=222  \0$aForensic archaeology, anthropology and ecology$b(Online)
=245  00$aForensic archaeology, anthropology and ecology.
=263  \\$a202212
=264  \1$aSheffield :$bEquinox Publishing Ltd
=310  \\$aSemiannual
=336  \\$atext$2rdacontent
=337  \\$acomputer$2rdamedia
=338  \\$aonline resource$2rdacarrier
=776  08$iAlso issued in print as:$tForensic archaeology, anthropology and ecology$x2753-6246
=852  41$aBritish Library$bHMNTS$jELD Digital store$3Volume 2:Number 1(2018)
=852  41$aBritish Library$bHMNTS$jELD Digital store
=859  \\$aELD$bejournal
=985  \\$aISSN UK Centre: change of title from 'Archaeological and environmental forensic science' ISSN 2052-3386. Please add 78X/LKR as required.
=CAT  \\$a10973$b40$c20220623$lBLL01$h1115
=CAT  \\$a8874$b40$c20230206$lBLL01$h0803
=CAT  \\$a15020$b40$c20230304$lBLL01$h0829
=CAT  \\$a15020$b40$c20230304$lBLL01$h0830
=CAT  \\$a14586$b40$c20230427$lBLL01$h1212
=FMT  \\$a  SE
=LAS  \\$a14586$b40$c20230427$lBLL01$h1212
=LET  \0$aForensic archaeology, anthropology and ecology (Electronic)
=MNI  \\$a2753-6246

