=LDR  01489cas a2200433 i 4500
=001  020656217
=003  Uk
=005  20220623151134.0
=007  ta
=008  220623c20199999fr\qr\p\\\\\\\0\\\b0fre\\
=022  \\$y0245-5676
=040  \\$aUk$beng$cUk$erda
=042  \\$aukblsr
=082  04$a700.5$223
=130  0\$aArt press. Hors série (2019)
=245  10$aArt press.$pHors série.
=264  \1$aParis :$bArt Press,$c2019-
=300  \\$billustrations (black and white, and colour) ;$c28 cm
=310  \\$aQuarterly
=336  \\$atext$2rdacontent
=337  \\$aunmediated$2rdamedia
=338  \\$avolume$2rdacarrier
=362  0\$aNo. 52 (Novembre 2019)-
=588  \\$aLatest issue consulted: number 53 (mars 2020).
=650  \0$aArt, Modern$y20th century$vPeriodicals.
=650  \0$aArt, Modern$y21st century$vPeriodicals.
=650  \0$aArts, Modern$y20th century$vPeriodicals.
=650  \0$aArts, Modern$y21st century$vPeriodicals.
=772  0\$tArt press$x0245-5676
=780  00$tArt press 2$x1951-0578
=852  \\$aBritish Library$bHMNTS$jRH.9.x.1779$3n. 50-
=985  \\$aNew French ISSN not yet issued 23/6/22
=CAT  \\$a8124$b40$c20220623$lBLL01$h1508
=CAT  \\$a8124$b40$c20220623$lBLL01$h1511
=FIN  \\$aY$d20220623
=FMT  \\$a  SE
=LAS  \\$a8124$b40$c20220623$lBLL01$h1511
=LKR  \\$aPAR$b014654240$lBLL01$nArt press 2$mArt press. Hors série (2019)$r78000
=LKR  \\$aPAR$b009336110$lBLL01$nArt press$mArt press. Hors série (2019)$r772

