=LDR  01271cas a2200361 i 4500
=001  020673384
=003  Uk
=005  20220708150053.0
=007  ta
=008  220708c20209999ne\tr\p\\\\\\\0\\\a0eng\\
=022  \\$a2666-3570
=040  \\$aUk$beng$cUk$erda
=042  \\$aukblsr
=082  04$a342.0858$223
=245  00$aGlobal privacy law review.
=246  30$aGPLR
=264  \1$aAlphen aan den Rijn, The Netherlands :$bKluwer Law International,$c[2020]-
=300  \\$billustrations (black and white) ;$c30 cm
=310  \\$aThree times a year
=336  \\$atext$2rdacontent
=337  \\$aunmediated$2rdamedia
=338  \\$avolume$2rdacarrier
=362  1\$aBegan with volume 1, issue 1 (February 2020).
=588  \\$aDescription based on: volume 3, issue 1 (February 2022).
=650  \0$aPrivacy, Right of$vPeriodicals.
=650  \0$aData protection$xLaw and legislation$vPeriodicals.
=776  08$iAlso issued online as:$tGlobal privacy law review$x2666-3589
=852  41$aBritish Library$bHMNTS$jZC.9.b.11125$3Vol. 3 Issue 1 (Feb. 2022)
=985  \\$aProvisional record only on ISSN Portal. Please add key title when validated.
=CAT  \\$a11205$b40$c20220708$lBLL01$h1500
=FIN  \\$aY$d20220708
=FMT  \\$a  SE
=LAS  \\$a11205$b40$c20220708$lBLL01$h1500

