=LDR  01552cas a2200397 i 4500
=001  020748204
=003  Uk
=005  20220923214133.0
=007  ta
=008  220915d196119uuth\mr\p\\\\\\\0\\\a0eng\\
=022  \\$a0125-037X
=040  \\$aUk$beng$cUk$erda
=042  \\$aukblsr
=082  04$a338.4791593$223
=130  0\$aThailand travel talk (Bangkok)
=222  \0$aThailand travel talk
=245  10$aThailand travel talk.
=264  \1$aBangkok :$bTourist Organization of Thailand,$c1961-
=300  \\$billustrations (black and white) ;$c29 cm
=310  \\$aMonthly
=336  \\$atext$2rdacontent
=337  \\$aunmediated$2rdamedia
=338  \\$avolume$2rdacarrier
=362  0\$aVol. 1, no. 1 (September 1961)-
=588  \\$aLatest issue consulted: vol. 17, no. 12 (December 1977).
=650  \0$aTourism$zThailand$vPeriodicals.
=690  7\$aManagement and Business Studies$2blcoll
=710  2\$aʻOngkān Songsœ̄m Kānthō̜ngthīeo hǣng Prathēt Thai,$eissuing body.
=852  41$aBritish Library$bHMNTS$jZD.9.b.3085$3Vol. 1 (1961)-v. 13 (1973), v. 17, no. 2 (Feb. 1977)-v. 17, no. 12 (Dec. 1977)
=985  \\$aISSN UK note: ISSN Portal also showing Legacy ISSN 0563-3729. ISSN Thailand yet to confirm which ISSN is correct. 0125-037X included here as this is the currently confirmed number.
=CAT  \\$a10806$b40$c20220915$lBLL01$h1046
=CAT  \\$a10806$b40$c20220915$lBLL01$h1049
=CAT  \\$aBATCH-MBS$c20220923$lBLL01$h2141
=FIN  \\$aY$d20220915
=FMT  \\$a  SE
=LAS  \\$aBATCH-MBS$b00$c20220923$lBLL01$h2141

