=LDR  02157cas a2200553 i 4500
=001  020760601
=003  Uk
=005  20230201144456.0
=006  m\\\\\|\\d\|\\\\\\
=007  cr\|||||||||||
=008  220928c20229999pauqr\p\o\\\\\0\\\a0eng\\
=022  \\$a2768-3532
=037  \\$aISSN_27683524_21$bPortico$nTaylor & Francis
=040  \\$aUk$beng$cUk$erda
=042  \\$aukblsr
=082  04$a306.0951$223
=245  00$aChinese literature and thought today.
=246  30$aCLTT
=246  13$aCLT²
=264  \1$aPhiladelphia, PA :$bTaylor & Francis, Inc.,$c2022-
=310  \\$aQuarterly
=336  \\$atext$2rdacontent
=337  \\$acomputer$2rdamedia
=338  \\$aonline resource$2rdacarrier
=362  0\$aVolume 53, issue 1-2 (2022)-
=500  \\$aTitle from table of contents page (Taylor & Francis Online, viewed October 18, 2022).
=515  \\$aNumbering continues: Contemporary Chinese thought.
=650  \0$aChinese literature$vPeriodicals.
=650  \0$aPhilosophy$zChina$vPeriodicals.
=651  \0$aChina$xIntellectual life$vPeriodicals.
=651  \0$aChina$xCivilization$vPeriodicals.
=776  08$iAlso issued in print as:$tChinese literature and thought today$x2768-3524
=780  01$tChinese literature today$x2156-8634
=780  01$tContemporary Chinese thought$x1558-0997
=852  41$aBritish Library$bHMNTS$jELD Digital store$3Volume 53:Issue 1/2(2022)-
=856  40$uhttps://www.tandfonline.com/loi/mcsp21
=859  \\$aELD$bejournal
=985  \\$aProvisional record on ISSN Portal; please add key title when validated.
=CAT  \\$a14412$b40$c20220928$lBLL01$h1459
=CAT  \\$a11205$b40$c20221018$lBLL01$h1153
=CAT  \\$a11205$b40$c20221018$lBLL01$h1331
=CAT  \\$a14586$b40$c20230201$lBLL01$h1444
=FIN  \\$aY$d20221018
=FMT  \\$a  SE
=LAS  \\$a14586$b40$c20230201$lBLL01$h1444
=LET  \0$aChinese literature and thought today (Electronic)
=LKR  \\$aPAR$b018174865$lBLL01$nChinese literature today$mChinese literature and thought today$r78001
=LKR  \\$aPAR$b016867317$lBLL01$nContemporary Chinese thought$mChinese literature and thought today$r78001
=MNI  \\$a2768-3524

