=LDR  01616cas a2200469 i 4500
=001  020760615
=003  Uk
=005  20221014103638.0
=006  m\\\\\|\\d\|\\\\\\
=007  cr\|||||||||||
=008  220928c20229999enkar\p\o\\\\\0\\\a0eng\\
=015  \\$aGBC2H4566$2bnb
=022  \\$a2694-1899
=037  \\$aISSN_26941899_21$bPortico$nTaylor & Francis
=040  \\$aUk$beng$cUk$erda
=042  \\$aukblsr
=082  04$a006.312$223
=245  00$aData science in science.
=264  \1$aLondon :$bTaylor & Francis,$c2022-
=310  \\$aAnnual
=336  \\$atext$2rdacontent
=337  \\$acomputer$2rdamedia
=338  \\$aonline resource$2rdacarrier
=362  0\$aVolume 1, issue 1 (2022)-
=500  \\$aTitle from table of contents page (Taylor & Francis Online, viewed October 4, 2022).
=515  \\$aArticles are added consecutively to current annual volume.
=650  \0$aBig data$vPeriodicals.
=650  \0$aBig data$xData processing$vPeriodicals.
=650  \0$aData mining$vPeriodicals.
=852  41$aBritish Library$bHMNTS$jELD Digital store$3Volume 1:Issue 1(2022)-
=856  40$uhttps://www.tandfonline.com/journals/udss20
=859  \\$aELD$bejournal
=985  \\$aProvisional record on ISSN Portal; please add key title when validated.
=CAT  \\$a14412$b40$c20220928$lBLL01$h1513
=CAT  \\$a11205$b40$c20221004$lBLL01$h1407
=CAT  \\$a11205$b40$c20221004$lBLL01$h1416
=CAT  \\$a11205$b40$c20221004$lBLL01$h1418
=CAT  \\$a10983$b40$c20221014$lBLL01$h1036
=FIN  \\$aY$d20221004
=FMT  \\$a  SE
=LAS  \\$a10983$b40$c20221014$lBLL01$h1036
=MNI  \\$a2694-1899

