=LDR  01964cas a2200493 i 4500
=001  020760989
=003  Uk
=005  20221014215105.0
=006  m\\\\\|\\d\|\\\\\\
=007  cr\|||||||||||
=008  220929c20219999enkqr\p\o\\\\\0\\\a0eng\\
=015  \\$aGBC2H8461$2bnb
=022  \\$a2694-3999
=037  \\$aISSN_26943980_21$bPortico$nTaylor & Francis
=040  \\$aUk$beng$cUk$erda
=042  \\$aukblsr
=082  04$a658.005$223
=245  00$aJournal of inter-organizational relationships.
=246  30$aJIOR
=264  \1$aLondon :$bRoutledge, Taylor & Francis Group,$c2021-
=310  \\$aQuarterly
=336  \\$atext$2rdacontent
=337  \\$acomputer$2rdamedia
=338  \\$aonline resource$2rdacarrier
=362  0\$aVolume 27, issue 1-2 (2021)-
=500  \\$aTitle from table of contents page (Taylor & Francis Online, viewed October 5, 2022).
=650  \0$aOrganizational behavior$vPeriodicals.
=650  \0$aOrganizational effectiveness$vPeriodicals.
=650  \0$aCommunication in management$vPeriodicals.
=690  7\$aManagement and Business Studies$2blcoll
=776  08$iAlso issued in print as:$tJournal of inter-organizational relationships$x2694-3980
=780  00$tJournal of marketing channels (Online)$x1540-7039
=852  41$aBritish Library$bHMNTS$jELD Digital store$3Volume 27:Issue 1/2(2021)-
=856  40$uhttps://www.tandfonline.com/toc/wjmc20/current
=859  \\$aELD$bejournal
=985  \\$aProvisional record on ISSN Portal; please add key title when validated.
=CAT  \\$a11450$b40$c20220929$lBLL01$h0858
=CAT  \\$a11205$b40$c20221005$lBLL01$h1058
=CAT  \\$aBATCH-MBS$c20221014$lBLL01$h2151
=FIN  \\$aY$d20221005
=FMT  \\$a  SE
=LAS  \\$aBATCH-MBS$b00$c20221014$lBLL01$h2151
=LET  \0$aJournal of inter-organizational relationships (Electronic)
=LKR  \\$aPAR$b015506702$lBLL01$nJournal of marketing channels (Online)$mJournal of inter-organizational relationships (Online)$r78000

