=LDR  02517cas a2200613 i 4500
=001  020775187
=003  Uk
=005  20221231145525.0
=007  ta
=008  221012c20209999gw\zr\p\\\\\\\0\\\a0eng\\
=022  \\$a2748-8330
=040  \\$aUk$beng$cUk$erda
=042  \\$aukblsr
=082  04$a338.76669$223
=222  \0$aZKG
=245  00$aZKG :$bCement, lime, gypsum.
=264  \1$aGütersloh, Germany :$bBauverlag BV GmbH,$c2020-
=300  \\$billustrations (black and white, and colour) ;$c30 cm
=310  \\$aEight issues yearly
=336  \\$atext$2rdacontent
=337  \\$aunmediated$2rdamedia
=338  \\$avolume$2rdacarrier
=362  1\$aBegan with 2020, 4.
=540  \\$aCurrent Copyright Fee: GBP25.00$c0$5Uk
=550  \\$aOfficial journal of the Federal German Association of the Lime Industry = Bundesverband der Deutschen Kalkindustrie e.V., and the Federal German Association of the Gypsum Industry = Bundesverband der Gipsindustrie e.V.
=588  \\$aDescription based on: 2022, 5.
=650  \0$aCement industries$zGermany$vPeriodicals.
=650  \0$aCement industries$vPeriodicals.
=650  \0$aLime industry$zGermany$vPeriodicals.
=650  \0$aLime industry$vPeriodicals.
=650  \0$aGypsum industry$zGermany$vPeriodicals.
=650  \0$aGypsum industry$vPeriodicals.
=690  7\$aManagement and Business Studies$2blcoll
=710  2\$aBundesverband der Deutschen Kalkindustrie.
=710  2\$aBundesverband der Gipsindustrie.
=780  00$tZKG international
=852  41$aBritish Library$bDSC$j9514.940200$3Vol. 70, no. 4 (2020)-
=945  \\$aZKG.
=959  \\$fCurrently received
=985  \\$aPrevious record is out of step with the German ISSN Centre, which allocated new numbers when the language of the text changed. Therefore ISSN not added to the 780 linking field. (ED).
=CAT  \\$a8483$b40$c20221012$lBLL01$h0924
=CAT  \\$a8483$b40$c20221012$lBLL01$h0927
=CAT  \\$a8483$b40$c20221012$lBLL01$h0928
=CAT  \\$a6558$b40$c20221114$lBLL01$h1605
=CAT  \\$aBATCH-MBS$c20221118$lBLL01$h2212
=CAT  \\$aBATCH-CLA$b00$c20221221$lBLL01$h1940
=CAT  \\$aIPL-CLA$c20221231$lBLL01$h1455
=CFI  0\$aCurrent Copyright Fee: GBP25.00$c0$e01-jan-2023$fGBP25.00$g0$hA$5Uk
=CFI  2\$aPrevious Copyright Fee: GBP22.50$c0$e14-nov-2022$fGBP22.50$g0$hA$5Uk
=FIN  \\$aY$d20221012
=FMT  \\$a  SE
=LAS  \\$aIPL-CLA$b00$c20221231$lBLL01$h1455
=LKR  \\$aPAR$b012431073$lBLL01$r78000$mZKG$nZKG international
=TOC  \\$aETOC

