=LDR  02272cas a2200589 i 4500
=001  020775281
=003  Uk
=005  20230223113748.0
=007  ta
=008  221012c20229999ja\qr\p\\\\\\\0\\\a0eng\\
=022  \\$a2436-5211
=040  \\$aUk$beng$cUk$erda
=042  \\$aukblsr
=082  04$a610.5$223
=222  \0$aDokkyo medical journal
=245  00$aDokkyo medical journal /$cDokkyo Medical Society.
=246  30$aDKMJ
=264  \1$aMibu-machi, Shimotsuga-gun, Tochigi, Japan :$bDokkyo Medical Society,$c2022-
=300  \\$billustrations (black and white, and colour) ;$c30 cm
=310  \\$aQuarterly
=336  \\$atext$2rdacontent
=337  \\$aunmediated$2rdamedia
=338  \\$avolume$2rdacarrier
=362  0\$aVol. 1, no. 1 (March 2022)-
=540  \\$aCurrent Copyright Fee: GBP25.00$c0$5Uk
=650  \0$aMedicine$vPeriodicals.
=650  \0$aMedicine$zJapan$vPeriodicals.
=710  2\$aDokkyō Igakkai,$eissuing body.
=787  0\$tDokkyo journal of medical sciences$x0385-5023
=852  41$aBritish Library$bDSC$j3614.970000$3Vol. 1, No. 1 (2022)
=945  \\$aDokkyo medical journal
=959  \\$fHeld but not currently received
=985  \\$aNot a change of title from: Dokkyo journal of medical sciences (DJMS), ISSN 0385-5023, but published "alongside DJMS" --editorial.
=CAT  \\$a11205$b40$c20221012$lBLL01$h1107
=CAT  \\$a11385$b40$c20221012$lBLL01$h1143
=CAT  \\$a11385$b40$c20221013$lBLL01$h0817
=CAT  \\$a11385$b40$c20221013$lBLL01$h0829
=CAT  \\$a11385$b40$c20221013$lBLL01$h0830
=CAT  \\$a11385$b40$c20221013$lBLL01$h0831
=CAT  \\$a11385$b40$c20221013$lBLL01$h0832
=CAT  \\$a8871$b40$c20221026$lBLL01$h0955
=CAT  \\$aBATCH-UPD$b40$c20221029$lBLL01$h1715
=CAT  \\$aBATCH-CLA$b00$c20221221$lBLL01$h1940
=CAT  \\$aIPL-CLA$c20221231$lBLL01$h1455
=CAT  \\$a11385$b40$c20230223$lBLL01$h1137
=CFI  0\$aCurrent Copyright Fee: GBP25.00$c0$e01-jan-2023$fGBP25.00$g0$hA$5Uk
=CFI  2\$aPrevious copyright fee: GBP22.50$c0$e13-oct-2022$fGBP22.50$g0$hA$5Uk
=FIN  \\$aY$d20221012
=FMT  \\$a  SE
=LAS  \\$a11385$b40$c20230223$lBLL01$h1137
=LKR  \\$aPAR$b007173170$lBLL01$nDokkyo journal of medical sciences$mDokkyo medical journal$r787
=TOC  \\$aETOC

