=LDR  01082cas a2200337 i 4500
=001  020781294
=003  Uk
=005  20221118222957.0
=007  ta
=008  221019c201u9999enkuu\g\\\\\\\0\\\a0eng\\
=040  \\$aUk$beng$cUk$erda
=042  \\$aukblsr
=082  04$a362.5920941$223
=245  00$aHigh street news.
=246  30$aHSN
=264  \1$aThornton Cleveleys :$bWayne Kirtley
=300  \\$billustrations (black and white, and colour) ;$c21 cm
=336  \\$atext$2rdacontent
=337  \\$aunmediated$2rdamedia
=338  \\$avolume$2rdacarrier
=588  \\$aDescription based on: 2019 issue.
=650  \0$aHomelessness$zGreat Britain$vPeriodicals.
=650  \0$aHomeless veterans$zGreat Britain$vPeriodicals.
=690  7\$aSocial Welfare$2blcoll
=852  41$aBritish Library$bHMNTS$jZK.9.a.17065$32019
=985  \\$aISSN UK Centre note: No ISSN assigned. Please do not L7. 18/10/2022.
=CAT  \\$a11205$b40$c20221019$lBLL01$h1644
=CAT  \\$aBATCH-SWP$c20221118$lBLL01$h2229
=FIN  \\$aY$d20221019
=FMT  \\$a  SE
=LAS  \\$aBATCH-SWP$b00$c20221118$lBLL01$h2229

