=LDR  02181cas a2200529 i 4500
=001  020783522
=003  Uk
=005  20230719120928.0
=006  m\\\\\|\\d\|\\\\\\
=007  cr\|||||||||||
=008  221022c20199999enkbr\j\o\\\\\0\\\a0eng\\
=015  \\$aGBC3D7615$2bnb
=022  \\$y1607-0798
=037  \\$a???$bIWA Publishing
=040  \\$aUk$beng$cUk$erda
=042  \\$aukblsr
=082  04$a363.6105$223
=130  0\$aWater supply (London, England : 2019)
=245  10$aWater supply.
=264  \1$aLondon :$bIWA Publishing,$c2019-
=310  \\$aBimonthly
=336  \\$atext$2rdacontent
=337  \\$acomputer$2rdamedia
=338  \\$aonline resource$2rdacarrier
=362  0\$aVol 19, issue 1 (February 2019)-
=500  \\$aTitle from table of contents page (IWA Publishing, viewed July 19, 2023).
=580  \\$aIncludes issues of former title: Water science & technology, water supply.
=588  \\$aLatest issue consulted: volume 23, issue 1 (January 2023).
=650  \7$aWater-supply.$2fast$0(OCoLC)fst01172350
=650  \7$aWater$xPurification.$2fast$0(OCoLC)fst01171363
=650  \7$aWater-supply engineering.$2fast$0(OCoLC)fst01172443
=655  \7$aPeriodicals.$2fast$0(OCoLC)fst01411641
=710  2\$aInternational Water Association,$eissuing body.
=776  08$iAlso issued in print as:$tWater supply (London, England : 2019)
=780  10$tWater science & technology, water supply (Online)
=852  41$aBritish Library$bHMNTS$jELD Digital store$3Volume 22:Issue 1(2022)-
=856  40$uhttps://iwaponline.com/ws/issue
=859  \\$aELD$bejournal
=985  \\$aPrint stock and online resource show that the BL records (changes of title) are correct. They are however out of sync with the ISSN Portal, as the IC appears not to have recognised the interim title: Water science & technology, water supply.
=CAT  \\$a10983$b40$c20221022$lBLL01$h1058
=CAT  \\$a11205$b40$c20230719$lBLL01$h1209
=FIN  \\$aY$d20230719
=FMT  \\$a  SE
=LAS  \\$a11205$b40$c20230719$lBLL01$h1209
=LET  \0$aWater supply (Electronic)
=LKR  \\$aPAR$b019341191$lBLL01$nWater supply (Print)$mWater supply (Online)$r776
=MNI  \\$a1606-9749

