=LDR  02416cas a2200505 a 4500
=001  020784760
=003  Uk
=005  20221025150010.0
=006  m\\\\\|\\d\|\\\\\\
=007  cr\|||||||||||
=008  221025c19699999enkmr\\\o\ai\\0\\\a0eng\\
=015  \\$aGBC2I7295$2bnb
=022  \\$y0015-6574
=040  \\$aUk$beng$cUk$erda
=042  \\$aukblsr
=082  04$a664.005$223
=245  00$aFood science and technology abstracts.
=246  1\$iIssues for <2022- > have title:$aFSTA
=260  \\$aReading :$bInternational Food Information Service
=264  31$aWokingham :$bIFIS
=310  \\$aMonthly
=336  \\$atext$2rdacontent
=337  \\$acomputer$2rdamedia
=338  \\$aonline resource$2rdacarrier
=362  1\$aPrint began with Vol. 1 (Jan. 1969).
=500  \\$aIn PDF format.
=520  \\$a"The information is drawn from over 2,000 sources world-wide including journals, patents, standards, books, reviews, conference proceedings and reports. FSTA covers all food and drink commodities, food products and processes, food safety, food spoilage, food related pure and life sciences, biotechnology and food related nutrition"; includes author and subject indexes.
=588  \\$aDescription based on print version record.
=588  \\$aLatest issue consulted: volume 54, no. 11 (November 2022).
=650  \0$aFood industry and trade$vAbstracts$vPeriodicals.
=710  2\$aInternational Food Information Service,$eissuing body.
=776  08$iAlso issued in print as:$tFood science and technology abstracts$x0015-6574
=787  08$iAlso issued as an online database:$tFood science and technology abstracts (Online)$x2617-5312
=852  41$aBritish Library$bHMNTS$jELD Digital store$3Volume 54(2022)Subject index Part 2-
=856  4\$uhttps://www.ifis.org/$zTo subscribe
=859  \\$aELD$bejournal
=985  \\$aA PDF with sucessive issues, so needs a different record to the database on 007032796. Published by an international body, so UK ISSN not assigned.
=CAT  \\$a3072$b40$c20221025$lBLL01$h1449
=CAT  \\$a3072$b40$c20221025$lBLL01$h1456
=CAT  \\$a3072$b40$c20221025$lBLL01$h1500
=FIN  \\$aY$d20221025
=FMT  \\$a  SE
=LAS  \\$a3072$b40$c20221025$lBLL01$h1500
=LET  \0$aFood science and technology abstracts (Electronic)
=LKR  \\$aPAR$b008533432$lBLL01$nFood science and technology abstracts (Print)$mFood science and technology abstracts (PDF)$r776

