=LDR  01020cas a2200313 i 4500
=001  020788369
=003  Uk
=005  20221111221149.0
=007  ta
=008  221026c20179999enkuu\p\\\\\\\0\\\a0eng\\
=040  \\$aUk$beng$cUk$erda
=042  \\$aukblsr
=082  04$a363.596970941$223
=245  04$aThe veteran's journey.
=264  \1$aTruro :$b[publisher not identified],$c2017-
=300  \\$billustrations (black and white, and colour) ;$c21 cm
=336  \\$atext$2rdacontent
=337  \\$aunmediated$2rdamedia
=338  \\$avolume$2rdacarrier
=362  0\$aIssue 1 (November 2017)-
=650  \0$aHomeless veterans$zGreat Britain$vPeriodicals.
=690  7\$aSocial Welfare$2blcoll
=852  41$aBritish Library$bHMNTS$jZK.9.a.17066$3Issue 1 (2017)
=985  \\$aISSN UK Centre note: No ISSN assigned. Please do not L7. 26/10/2022.
=CAT  \\$a11205$b40$c20221026$lBLL01$h1435
=CAT  \\$aBATCH-SWP$c20221111$lBLL01$h2211
=FIN  \\$aY$d20221026
=FMT  \\$a  SE
=LAS  \\$aBATCH-SWP$b00$c20221111$lBLL01$h2211

