=LDR  01038cas a22003018i 4500
=001  020815492
=003  Uk
=005  20230118131624.0
=006  m\\\\\\\\d\|\\\\\\
=007  cr||||||||||||
=008  221121c20239999enk\x\j\o\\\\\0\\\a0eng\\
=022  0\$a2753-4030$202
=037  \\$a???$bSage (UK) Ltd
=040  \\$aUk$beng$cUk$erda
=222  \0$aTherapeutic advances in allergy and rhinology
=245  00$aTherapeutic advances in allergy and rhinology.
=263  \\$a202301
=264  \1$aLondon :$bSAGE Publishing
=336  \\$atext$2rdacontent
=337  \\$acomputer$2rdamedia
=338  \\$aonline resource$2rdacarrier
=852  41$aBritish Library$bHMNTS$jELD Digital store
=859  \\$aELD$bejournal
=985  \\$aC/T from ISSN 2152-6567 Allergy & rhinology. Please link on completion. Will need 515 note: "Articles added throughout the year and compiled into annual volumes".
=CAT  \\$a10806$b40$c20221121$lBLL01$h0825
=CAT  \\$a10983$b40$c20230118$lBLL01$h1316
=FMT  \\$a  SE
=LAS  \\$a10983$b40$c20230118$lBLL01$h1316

