=LDR  01318cas a2200361 i 4500
=001  020819421
=003  Uk
=005  20221123114341.0
=007  ta
=008  221123c20119999enkuu\p\\\\\\\0\\\a0eng\\
=040  \\$aUk$beng$cUk$erda
=042  \\$aukblsr
=082  04$a370.5$223
=245  00$aInternational journal of inovation and social change /$cInternational Institute for Science, Technology & Education.
=246  1\$iCorrected title:$aInternational journal of innovation and social change
=246  30$aIJISC
=264  \1$aKnightsbridge, London :$bEASTE Ltd.,$c2011-
=300  \\$billustrations (black and white) ;$c30 cm
=336  \\$atext$2rdacontent
=337  \\$aunmediated$2rdamedia
=338  \\$avolume$2rdacarrier
=362  0\$aVol. 1, no. 1 (February 2011)-
=650  \0$aEducational innovations$vPeriodicals.
=650  \0$aSocial change$vPeriodicals.
=710  2\$aInternational Institute for Science, Technology & Education.
=852  41$aBritish Library$bHMNTS$jZC.9.b.11176$3Vol. 1, no. 1 (Feb. 2011)
=985  \\$aISSN UK Centre note: Please do not assign ISSN.
=CAT  \\$a11205$b40$c20221123$lBLL01$h1134
=CAT  \\$a11205$b40$c20221123$lBLL01$h1138
=CAT  \\$a11205$b40$c20221123$lBLL01$h1143
=FIN  \\$aY$d20221123
=FMT  \\$a  SE
=LAS  \\$a11205$b40$c20221123$lBLL01$h1143

