=LDR  01372cas a22003857i 4500
=001  020840597
=003  Uk
=005  20221228091353.0
=006  m\\\\\\\\d\|\\\\\\
=007  cr\|||||||||||
=008  221216c20139999hiufr\p\o\\\\\0\\\a0eng\\
=022  0\$a2835-3188
=040  \\$aUk$beng$cUk$erda
=222  \0$aCHINOPERL$b(Online)
=245  00$aCHINOPERL :$bjournal of Chinese oral & performing literature
=264  \1$aLeeds :$bManey Publishing,$c2013-
=264  21$32016-$aNew York :$bTaylor & Francis
=264  \1$32020-$a[Honolulu, Hawai'i] :$bUniversity of Hawai'i Press
=310  \\$aSemiannual
=336  \\$atext$2rdacontent
=337  \\$acomputer$2rdamedia
=338  \\$aonline resource$2rdacarrier
=776  08$iAlso issued in print as:$tCHINOPERL$x2835-317X
=780  00$tCHINOPERL papers$x2051-6150
=852  41$aBritish Library$bHMNTS$jELD Digital store$3Volume 32:Number 1(2013)-Volume 38:Number 2(2019)
=856  40$uhttps://uhpress.hawaii.edu/title/chp/
=859  \\$aELD$bejournal
=985  \\$aDescription based on ISSN Portal record.
=CAT  \\$a11313$b40$c20221216$lBLL01$h0942
=CAT  \\$a8874$b40$c20221228$lBLL01$h0913
=FIN  \\$aY$d20221216
=FMT  \\$a  SE
=LAS  \\$a8874$b40$c20221228$lBLL01$h0913
=LET  \0$aCHINOPERL (Electronic)
=LKR  \\$aPAR$b016207786$lBLL01$r78000$mCHINOPERL (Online)$nCHINOPERL papers (Online)

