=LDR  02420cas a2200601 i 4500
=001  020853292
=003  Uk
=005  20230321153057.0
=006  m\\\\\|\\d\|\\\\\\
=007  cr\|||||||||||
=008  230107c20219999pauqr\j\o\\\\\0\\\a0eng\\
=015  \\$aGBC353321$2bnb
=022  \\$y2692-496X
=037  \\$aISSN_26924951_21$bPortico$nTaylor & Francis
=040  \\$aUk$beng$cUk$erda
=042  \\$aukblsr
=082  04$a158.30866$223
=245  00$aJournal of LGBTQ issues in counseling.
=264  \1$a[Philadelphia] :$bTaylor & Francis,$c2021-
=310  \\$aQuarterly
=336  \\$atext$2rdacontent
=337  \\$acomputer$2rdamedia
=338  \\$aonline resource$2rdacarrier
=362  0\$aVolume 15, issue 1 (2021)-
=500  \\$aTitle from PDF article header (t&f online, viewed March 14, 2023).
=588  \\$aLatest issue consulted: volume 17, issue 1 (2023) (viewed March 14, 2023).
=650  \7$aGays$xCounseling of.$2fast$0(OCoLC)fst00939263
=650  \7$aLesbians$xCounseling of.$2fast$0(OCoLC)fst00996548
=650  \7$aBisexuals$xCounseling of.$2fast$0(OCoLC)fst00833358
=650  \7$aCross-dressers.$2fast$0(OCoLC)fst01155473
=650  \7$aTransgender people.$2fast$0(OCoLC)fst01765239
=650  \7$aCounseling.$2fast$0(OCoLC)fst00881212
=650  \7$aSexual minority community.$2fast$0(OCoLC)fst01910176
=655  \7$aPeriodicals.$2fast$0(OCoLC)fst01411641
=690  7\$aManagement and Business Studies$2blcoll
=710  2\$aSociety for Sexual, Affectional, Intersex, and Gender Expansive Identities,$eissuing body.
=780  00$tJournal of LGBT issues in counseling (Online)$x1553-8338
=852  41$aBritish Library$bHMNTS$jELD Digital store$3Volume 15:Issue 1(2021)-
=856  40$uhttps://www.tandfonline.com/journals/wlco21
=859  \\$aELD$bejournal
=985  \\$aISSN still prepub as at 14/3/23
=985  \\$aWFH record (CS) 2023
=CAT  \\$a10902$b40$c20230107$lBLL01$h0825
=CAT  \\$a8124$b40$c20230314$lBLL01$h1559
=CAT  \\$a8124$b40$c20230314$lBLL01$h1601
=CAT  \\$aBATCH-MBS$c20230317$lBLL01$h2148
=CAT  \\$a8124$b40$c20230321$lBLL01$h1530
=FIN  \\$aY$d20230314
=FMT  \\$a  SE
=LAS  \\$a8124$b40$c20230321$lBLL01$h1530
=LET  \0$aJournal of LGBTQ issues in counseling (Electronic)
=LKR  \\$aPAR$b015501830$lBLL01$r78000$mJournal of LGBTQ issues in counseling$nJournal of LGBT issues in counseling
=MNI  \\$a2692-4951

