=LDR  02008cai a2200505 i 4500
=001  020864409
=003  Uk
=005  20230112125329.0
=007  td
=008  230112c20239999enkmr\l\\\\\\\0\\\a2eng\\
=015  \\$aGBC305399$2bnb
=022  0\$a2753-3557
=040  \\$aUk$beng$cUk$erda
=042  \\$aukblsr
=082  04$a004.16$223
=222  \0$aPC knowledge & Windows advisor
=245  00$aPC knowledge & Windows advisor.
=246  3\$aPC knowledge and Windows advisor
=264  \1$aSkipton :$bAgora Business Publications LLP
=300  \\$avolumes (loose-leaf) :$billustrations (black and white) ;$c21 cm
=310  \\$aUpdated monthly
=336  \\$atext$2rdacontent
=337  \\$aunmediated$2rdamedia
=338  \\$avolume$2rdacarrier
=500  \\$aSize does not include binder.
=588  \\$aDescription based on work updated to: Number 1 (January 2023) update.
=630  07$aMicrosoft Windows (Computer file)$2fast$0(OCoLC)fst01367862
=650  \7$aComputer software.$2fast$0(OCoLC)fst00872527
=650  \7$aInternet.$2fast$0(OCoLC)fst00977184
=650  \7$aMicrocomputers.$2fast$0(OCoLC)fst01019642
=650  \7$aOperating systems (Computers)$2fast$0(OCoLC)fst01046280
=650  \7$aWindows (Computer programs)$2fast$0(OCoLC)fst01175812
=655  \7$aHandbooks and manuals.$2fast$0(OCoLC)fst01423877
=780  04$tPC knowledge for seniors$x2047-7104
=780  04$tWindows advisor$x2047-7112
=852  41$aBritish Library$bHMNTS$jZK.9.a.17106$3No. 1 (Jan. 2023)-
=985  \\$aIntegrating resource record, DO NOT MERGE with ISSN record on 020775356
=CAT  \\$a8124$b40$c20230112$lBLL01$h1248
=CAT  \\$a8124$b40$c20230112$lBLL01$h1253
=FIN  \\$aY$d20230112
=FMT  \\$a  SE
=LAS  \\$a8124$b40$c20230112$lBLL01$h1253
=LET  \0$aPC knowledge & Windows advisor (Print)
=LKR  \\$aPAR$b015857425$lBLL01$nWindows advisor$mPC knowledge & Windows advisor$r78004
=LKR  \\$aPAR$b015853222$lBLL01$nPC knowledge for seniors$mPC knowledge & Windows advisor$r78004

