=LDR  01798cas a2200505 i 4500
=001  020960010
=003  Uk
=005  20230224215516.0
=007  ta
=008  230215c20209999sa\mx\j\\\\\\\0\\\a0eng\\
=022  \\$y0257-8867
=040  \\$aUk$beng$cUk$erda
=042  \\$aukblsr
=082  04$a338.4766400968$223
=130  0\$aFood review (2020)
=245  10$aFood review.
=264  \1$aCape Town :$bNew Media Publishing,$c2020-
=300  \\$billustrations (colour) ;$c30 cm
=310  \\$aEleven times a year
=336  \\$atext$2rdacontent
=337  \\$aunmediated$2rdamedia
=338  \\$avolume$2rdacarrier
=362  0\$aVol. 47, no. 11 (November/December 2020)-
=530  \\$aAlso issued online.
=540  \\$aCurrent Copyright Fee: GBP25.00$c0$5Uk
=650  \7$aFood industry and trade.$2fast$0(OCoLC)fst00930843
=650  \7$aBeverage industry.$2fast$0(OCoLC)fst00831010
=651  \7$aSouth Africa.$2fast$0(OCoLC)fst01204616
=655  \7$aPeriodicals.$2fast$0(OCoLC)fst01411641
=690  7\$aManagement and Business Studies$2blcoll
=780  00$tSouth African food review$x1726-0280
=852  41$aBritish Library$bDSC$j3982.610100$3(Nov./Dec. 2020)-
=945  \\$aFood review
=959  \\$fCurrently received
=985  \\$aISSN UK note: scans sent to IC for new ISSN (Richard, 15/02/23)
=CAT  \\$a10806$b40$c20230215$lBLL01$h1107
=CAT  \\$a10806$b40$c20230215$lBLL01$h1110
=CAT  \\$a6558$b40$c20230220$lBLL01$h1252
=CAT  \\$aBATCH-MBS$c20230224$lBLL01$h2155
=CFI  0\$aCurrent Copyright Fee: GBP25.00$c0$e20-feb-2023$fGBP25.00$g0$hA$5Uk
=FIN  \\$aY$d20230215
=FMT  \\$a  SE
=LAS  \\$aBATCH-MBS$b00$c20230224$lBLL01$h2155
=LKR  \\$aPAR$b016999303$lBLL01$r78000$mFood review (2020)$nSouth African food review (2001)
=TOC  \\$aETOC

