=LDR  01962cas a2200469 i 4500
=001  020977812
=003  Uk
=005  20230302094628.0
=007  ta
=008  230302c20209999fr\wr\\\\\\\\\0\\\a0eng\\
=022  \\$a2740-062x
=040  \\$aUk$beng$cUk$erda
=042  \\$aukblsr
=082  04$a015.44$223
=222  \0$aLh les livres de la semaine
=245  00$aLh les livres de la semaine.
=246  3\$aLivres hebdo les livres de la semaine
=246  10$aLivres de la semaine
=264  \1$aParis :$bElectre,$c2020-
=300  \\$c25 cm.
=310  \\$aWeekly
=336  \\$atext$2rdacontent
=337  \\$aunmediated$2rdamedia
=338  \\$avolume$2rdacarrier
=362  1\$aBegan with no. 1271 (20 août 2020).
=515  \\$aNumbering continues the designation of the former main work: Livres hebdo.
=588  \\$aLatest issue consulted: no. 1383 (janvier 26, 2023).
=651  \7$aFrance.$2fast$0(OCoLC)fst01204289
=655  \7$aBibliographies.$2fast$0(OCoLC)fst01919895
=655  \7$aPeriodicals.$2fast$0(OCoLC)fst01411641
=772  0\$tLH le magazine$x2739-185X
=787  0\$tLivres du mois$x0294-0027
=852  41$aBritish Library$bHMNTS$jStaff Reference$3No. 1371, (2022)-n. 1383, (2023)***Staff reference copy, deaccessioned after 2 years.
=985  \\$aStart date & ISSN from Portal. Record has no 780s, so checking with ISSN France as evidence on original main work of these supplements recorded there. LH website lists issues, but there is a gap between no. 1255, 20th March 2020 and no. 1271 (21st Aug 2020) (ED 2.3.2023).
=985  \\$a"Staff Reference Desk" item lines for earlier issues are recorded as supplements at the record for Livres Hebdo 011126789.
=CAT  \\$a8483$b40$c20230302$lBLL01$h0925
=CAT  \\$a8483$b40$c20230302$lBLL01$h0926
=CAT  \\$a8483$b40$c20230302$lBLL01$h0944
=CAT  \\$a8483$b40$c20230302$lBLL01$h0946
=FIN  \\$aY$d20230302
=FMT  \\$a  SE
=LAS  \\$a8483$b40$c20230302$lBLL01$h0946

