=LDR  01577cas a2200409 i 4500
=001  021028391
=003  Uk
=005  20230428215511.0
=007  ta
=008  230420c20239999gw\qr\j\\\\\\\0\\\a0eng\\
=022  \\$a2940-3146
=040  \\$aUk$beng$cUk$erda
=042  \\$aukblsr
=082  04$a338.476774$223
=245  00$aMan-made fibers international.
=264  \1$aFrankfurt/Germany :$bDFV Media Group,$c2023-
=300  \\$billustrations (black and white, and colour) ;$c30 cm
=310  \\$aQuarterly
=336  \\$atext$2rdacontent
=337  \\$aunmediated$2rdamedia
=338  \\$avolume$2rdacarrier
=362  0\$aIssue 1 (2023)- = volume 73, issue 1 (2023)-
=650  \7$aSynthetic fibers industry.$2fast$0(OCoLC)fst01141210
=650  \7$aTextile fibers, Synthetic.$2fast$0(OCoLC)fst01148808
=650  \7$aTextile waste$xRecycling.$2fast$0(OCoLC)fst01148956
=690  7\$aManagement and Business Studies$2blcoll
=780  00$tChemical fibers international$x1434-3584
=852  41$aBritish Library$bSTI$k(P)$h338.476774$m- E(1)
=985  \\$aProvisional record on ISSN Portal. Please add 222 key title when validated.
=985  \\$aItem has 'English' on cover. This is not an edition statement as no other editions exist.
=CAT  \\$a11205$b40$c20230420$lBLL01$h1657
=CAT  \\$a11385$b40$c20230425$lBLL01$h1330
=CAT  \\$aBATCH-MBS$c20230428$lBLL01$h2155
=FIN  \\$aY$d20230420
=FMT  \\$a  SE
=LAS  \\$aBATCH-MBS$b00$c20230428$lBLL01$h2155
=LKR  \\$aPAR$b011749085$lBLL01$nChemical fibers international$mMan-made fibers international$r78000

