=LDR  01778cas a2200433 i 4500
=001  021030900
=003  Uk
=005  20230425114139.0
=007  cr\|||||||||||
=008  230425c19uu9999enkar\\\oyr\\\0\\\a0eng\\
=015  \\$aGBC378062$2bnb
=040  \\$aUk$beng$cUk$erda
=042  \\$aukblsr
=082  04$a796.720941$223
=245  04$aThe Motorsport UK yearbook.
=246  3\$aYearbook
=264  \1$aBicester :$bMotorsport UK Association Ltd
=300  \\$billustrations (colour)
=310  \\$aAnnual
=336  \\$atext$2rdacontent
=337  \\$acomputer$2rdamedia
=338  \\$aonline resource$2rdacarrier
=588  \\$aDescription based on: 65th edition (2021); title from PDF cover, supplied by publisher.
=588  \\$aLatest issue consulted: 67th edition (2023) (Motorsport UK website, viewed April 25, 2023).
=650  \7$aAutomobile racing.$2fast$0(OCoLC)fst00823132
=650  \7$aMotorsports.$2fast$0(OCoLC)fst01028198
=651  \7$aGreat Britain.$2fast$0(OCoLC)fst01204623
=655  \7$aPeriodicals.$2fast$0(OCoLC)fst01411641
=655  \7$aYearbooks.$2fast$0(OCoLC)fst01424368
=710  2\$aMotorsport UK,$eissuing body.
=852  41$aBritish Library$bHMNTS$jELD Digital store$3(2021)-
=856  4\$uhttps://www.motorsportuk.org/resource-centre/
=859  \\$aELD$bejournal
=985  \\$aBased on designation something informally known as "The Blue Book" has been published for 67 years, but its not clear which print record on Aleph may be an earlier manifestation. Possible ISSN record at 010187575, possible DSC record at 008552955 and BNB record at 010544889.
=CAT  \\$a8483$b40$c20230425$lBLL01$h1141
=FIN  \\$aY$d20230425
=FMT  \\$a  SE
=LAS  \\$a8483$b40$c20230425$lBLL01$h1141
=LET  \0$aMotorsport UK Yearbook (Electronic)

