=LDR  04261cas a2200865 i 4500
=001  021047493
=003  Uk
=005  20230606151739.0
=006  m\\\\||\\d\|\\\\\\
=007  co||||||||||||
=008  221107c20219999ja\ar\p\q\\\\\|\\\d0jpn\d
=015  \\$a01056540$2jnb
=022  0\$a2758-2469$l0916-6041
=035  \\$a(OCoLC)1350948663
=040  \\$aNHN$bjpn$cNHN$dUk$dUk$encr/2018
=041  \\$ajpn$beng
=042  \\$aukblsr
=082  04$a620.005$223
=084  \\$aZM2$2kktb
=130  0\$aKenkyū kiyō (Fukushima Kōgyō Kōtō Senmon Gakkō)
=222  \0$aKenkyū kiyō$b(Fukushima Kōgyō Kōtō Senmon Gakkō. CD-ROM)
=245  00$6880-01$aKenkyū kiyō =$bResearch reports, National Institute of Technology, Fukushima College /$cFukushima Kōgyō Kōtō Senmon Gakkō Hen.
=246  21$aResearch reports, National Institute of Technology, Fukushima College
=246  23$6880-02$aFukushima Kōgyō Kōtō Senmon Gakkō gakko kenkyū kiyō
=264  \1$6880-03$aIwaki :$bFukushima Kōgyō Kōtō Senmon Gakkō = National Institute of Technology, Fukushima College,$c[2022?]-
=300  \\$aCD-ROM ;$c12 cm.
=310  \\$aAnnual
=336  \\$atext$2rdacontent
=337  \\$acomputer$2rdamedia
=338  \\$acomputer disc$2rdacarrier
=362  0\$aNo. 62 (2021)-
=500  \\$aTitle printed on disc.
=540  \\$aBritish Library not licensed to copy$c0$5Uk
=546  \\$aText in Japanese with additional contents page and abstracts in English.
=588  \\$aLatest issue consulted: no. 63 (2022).
=650  \7$aEngineering.$2fast$0(OCoLC)fst00910312
=650  \7$aTechnology.$2fast$0(OCoLC)fst01145078
=655  \7$aPeriodicals.$2fast$0(OCoLC)fst01411641
=710  2\$6880-04$aFukushima Kōgyō Kōtō Senmon Gakkō.$0(JTNDL)00791240
=776  08$iPrint version, -no. 60 (2020):$sKenkyū kiyō (Fukushima Kōgyō Kōtō Senmon Gakkō)
=852  41$aBritish Library$bDSC$cV$j7762.722610$3No. 62 (2021)-
=880  00$6245-01$a研究紀要 =$bResearch reports, National Institute of Technology, Fukushima College /$c福島工業高等専門学校 編
=880  23$6246-02$a福島工業高等専門学校研究紀要
=880  \\$6250-00$aCD-ROM版
=880  \1$6264-03$aいわき :$b福島工業高等専門学校 = National Institute of Technology, Fukushima College,$c2022-
=880  \\$6336-00$aテキスト$2ncrcontent
=880  \\$6337-00$aコンピュータ$2ncrmedia
=880  \\$6338-00$aコンピュータ・ディスク$2ncrcarrier
=880  \\$6347-00$aテキスト・ファイル$2ncrft
=880  \\$6347-00$bHTML, PDF (第62号による)
=880  0\$6362-00$a第62号 (2021)-
=880  \\$6538-00$aAdobe Acrobat Reader 4.0以上 (第62号による)
=880  2\$6710-04$a福島工業高等専門学校$e責任刊行者$0(JTNDL)00791240
=880  0\$6776-00$t研究紀要 / 福島工業高等専門学校 編.$w(JTNDL)000000073383$x0916-6041
=945  \\$aResearch reports- National Institute of Technology CDROM
=959  \\$fCurrently received
=985  \\$aPrint ISSN record 264 ceased 2022. - I think this is the publication date rather than the coverage date - unsure, so added in brackets.
=CAT  \\$a3072$b40$c20230509$lBLL01$h1146
=CAT  \\$a3072$b40$c20230509$lBLL01$h1148
=CAT  \\$a3072$b40$c20230509$lBLL01$h1150
=CAT  \\$a3072$b40$c20230509$lBLL01$h1151
=CAT  \\$a11385$b40$c20230509$lBLL01$h1350
=CAT  \\$a11385$b40$c20230509$lBLL01$h1351
=CAT  \\$a11385$b40$c20230509$lBLL01$h1359
=CAT  \\$a11385$b40$c20230509$lBLL01$h1401
=CAT  \\$a11385$b40$c20230509$lBLL01$h1402
=CAT  \\$a8055$b40$c20230606$lBLL01$h1517
=CFI  0\$aBritish Library not licensed to copy$c0$e06-june-2023$hC$iTX$5Uk
=CFI  2\$aPrevious copyright fee: GBP25.00$c0$e09-apr-2023$fGBP25.00$g0$hA$5Uk
=FIN  \\$aY$d20230509
=FMT  \\$a  SE
=LAS  \\$a8055$b40$c20230606$lBLL01$h1517
=LET  \0$aResearch reports, National Institute of Technology, Fukushima College (CD-ROM)
=LKR  \\$aPAR$b009218873$lBLL01$r776$mKenkyū kiyō (Fukushima Kōgyō Kōtō Senmon Gakkō. CD-ROM)$nKenkyū kiyō - Fukushima Kōgyō Kōtō Senmon Gakkō (Print)
=SID  \\$aZ39$bOCLC

