=LDR  02148cas a2200445 i 4500
=001  021052631
=003  Uk
=005  20230515115948.0
=006  m\\\\\|\\d\|\\\\\\
=007  cr\|||||||||||
=008  230515c20209999enktx\p\o\\\\\0\\\a0eng\\
=015  \\$aGBC391087$2bnb
=040  \\$aUk$beng$cUk$erda
=042  \\$aukblsr
=082  04$a320.9005$223
=245  00$aOxford political review.
=246  10$aOPR
=264  \1$a[Oxford] :$b[publisher not identified],$c2020-
=300  \\$billustrations (colour)
=310  \\$aThree issues per year
=336  \\$atext$2rdacontent
=337  \\$acomputer$2rdamedia
=338  \\$aonline resource$2rdacarrier
=362  0\$a[Volume 1], issue 1 (February 2020)-
=500  \\$a"A student-led Oxford-based publication focussing on current affairs, international relations, and political science".
=500  \\$aTitle from PDF cover.
=588  \\$aLatest issue consulted: [volume 1] issue 7 (July 2022).
=650  \7$aWorld politics.$2fast$0(OCoLC)fst01181381
=650  \7$aInternational relations.$2fast$0(OCoLC)fst00977053
=650  \7$aPolitical science.$2fast$0(OCoLC)fst01069781
=650  \7$aPolitics and government.$2fast$0(OCoLC)fst01919741
=852  41$aBritish Library$bHMNTS$jELD Digital store$3Issue 1(2020)-
=856  40$uhttps://oxfordpoliticalreview.com/
=859  \\$aELD$bejournal
=985  \\$aPublisher email: Issues 1-8 from volume 1 (which we are requesting to digitally deposit) were never widely published in print, only online"; We have published roughly three editions a year but have plans to increase this to four times a year (quarterly) going forward. From issue 9, we plan to primarily publish in print with digital copies also available. Accordingly, we intend to mainly deposit our future issues in print format to the British Library"; LDO-e email to us: "2 issues have been produced in print and sent to print ... but going forward will be electronic. ISSN has been applied for"
=CAT  \\$a3072$b40$c20230515$lBLL01$h1152
=CAT  \\$a3072$b40$c20230515$lBLL01$h1159
=FIN  \\$aY$d20230515
=FMT  \\$a  SE
=LAS  \\$a3072$b40$c20230515$lBLL01$h1159

