=LDR  01087cas a22003018i 4500
=001  021056856
=003  Uk
=005  20230831105214.0
=006  m\\\\\\\\d\|\\\\\\
=007  cr||||||||||||
=008  230519c20249999enk\x\p\o\\\\\0\\\a0eng\\
=022  0\$a2976-8675$202
=037  \\$a???$bSAGE (UK) Ltd
=040  \\$aUk$beng$cUk$erda
=222  \0$aTherapeutic advances in pulmonary and critical care medicine
=245  00$aTherapeutic advances in pulmonary and critical care medicine.
=263  \\$a202401
=264  \1$aLondon :$bSAGE Publishing
=336  \\$atext$2rdacontent
=337  \\$acomputer$2rdamedia
=338  \\$aonline resource$2rdacarrier
=852  41$aBritish Library$bHMNTS$jELD Digital store$3Volume 17(2023)-
=859  \\$aELD$bejournal
=985  \\$aISSN UK Centre: change of title from 'Clinical medicine insights. Circulatory, respiratory and pulmonary medicine', ISSN 1179-5484. Please add 78X/LKR as required.
=CAT  \\$a10973$b40$c20230519$lBLL01$h1047
=CAT  \\$a15731$b40$c20230831$lBLL01$h1052
=FMT  \\$a  SE
=LAS  \\$a15731$b40$c20230831$lBLL01$h1052

