=LDR  01614cas a2200433 i 4500
=001  021082955
=003  Uk
=005  20230609092942.0
=007  ta
=008  230608c20199999xxuar\g\\\\\\\0\\\a0eng\\
=040  \\$aUk$beng$cUk$erda
=042  \\$aukblsr
=082  04$a808.803561$223
=245  00$aSick.
=246  18$aSick magazine
=264  \1$a[Maine, USA] :$b[Olivia Spring],$c[2019]-
=300  \\$billustrations (black and white, and colour) ;$c24 cm
=310  \\$aAnnual
=336  \\$atext$2rdacontent
=337  \\$aunmediated$2rdamedia
=338  \\$avolume$2rdacarrier
=362  1\$aBegan with: issue 1 (August 2019).
=588  \\$aDescription based on: issue 4 (August 2020).
=650  \7$aSick in literature.$2fast$0(OCoLC)fst01118080
=650  \7$aHealth in literature.$2fast$0(OCoLC)fst00953084
=650  \7$aPeople with disabilities in literature.$2fast$0(OCoLC)fst01057365
=650  \7$aPoetry.$2fast$0(OCoLC)fst01067691
=650  \7$aEssays.$2fast$0(OCoLC)fst00915437
=650  \7$aArt.$2fast$0(OCoLC)fst00815177
=655  \7$aPeriodicals.$2fast$0(OCoLC)fst01411641
=852  41$aBritish Library$bHMNTS$jZK.9.a.17207$32022-
=985  \\$aISSN note: Do not assign ISSN, title is published in the USA but also distributed in the UK. Any further questions see ISSN UK Centre email correspondence, SB 09/06/23
=CAT  \\$a10969$b40$c20230608$lBLL01$h1518
=CAT  \\$a10969$b40$c20230608$lBLL01$h1519
=CAT  \\$a10969$b40$c20230609$lBLL01$h0916
=CAT  \\$a10969$b40$c20230609$lBLL01$h0929
=FIN  \\$aY$d20230608
=FMT  \\$a  SE
=LAS  \\$a10969$b40$c20230609$lBLL01$h0929

