=LDR  01234cas a22003378i 4500
=001  021083939
=003  Uk
=005  20230831131807.0
=006  m\\\\\\\\d\|\\\\\\
=007  cr||||||||||||
=008  230609c20249999cauqr\p\o\\\\\0\\\a0eng\\
=022  0\$a2976-8837$202
=037  \\$a???$bSage (UK) Ltd
=040  \\$aUk$beng$cUk$erda
=222  \0$aInternational journal of commerce and contracting$b(Online)
=245  00$aInternational journal of commerce and contracting.
=263  \\$a202403
=264  \1$aThousand Oaks :$bSAGE
=310  \\$aQuarterly
=336  \\$atext$2rdacontent
=337  \\$acomputer$2rdamedia
=338  \\$aonline resource$2rdacarrier
=776  08$iAlso issued in print as:$tInternational journal of commerce and contracting$x2976-8829
=852  41$aBritish Library$bHMNTS$jELD Digital store
=859  \\$aELD$bejournal
=985  \\$aISSN UK Centre: change of title from 'Journal of strategic contracting and negotiation' ISSN 2055-5644 ; please add 78X/LKR as required.
=CAT  \\$a10973$b40$c20230609$lBLL01$h1150
=CAT  \\$a15731$b40$c20230831$lBLL01$h1318
=FMT  \\$a  SE
=LAS  \\$a15731$b40$c20230831$lBLL01$h1318
=LET  \0$aInternational journal of commerce and contracting (Electronic)

