=LDR  02068cas a2200529 i 4500
=001  021121641
=003  Uk
=005  20230703104423.0
=007  ta
=008  230628c20239999ja\qr\j\\\\\\\0\\\a0eng\\
=022  \\$a2758-6383
=040  \\$aUk$beng$cUk$erda
=042  \\$aukblsr
=082  04$a579.05$223
=245  00$aJournal of microorganism control.
=264  \1$aOsaka :$bThe Society for Antibacterial and Antifungal Agents, Japan,$c2023-
=300  \\$billustrations (black and white, and colour) ;$c28 cm
=310  \\$aQuarterly
=336  \\$atext$2rdacontent
=337  \\$aunmediated$2rdamedia
=338  \\$avolume$2rdacarrier
=362  0\$aVol. 28, no. 1 (2023)-
=540  \\$aCurrent copyright fee: GBP25.00$c0$5Uk
=650  \7$aAgricultural microbiology.$2fast$0(OCoLC)fst00801145
=650  \7$aAgricultural microbiology$xResearch.$2fast$0(OCoLC)fst00801146
=650  \7$aPests$xBiological control.$2fast$0(OCoLC)fst01059122
=650  \7$aFood$xMicrobiology.$2fast$0(OCoLC)fst00930535
=655  \7$aPeriodicals.$2fast$0(OCoLC)fst01411641
=710  2\$aNihon Bōkin Bōbai Gakkai,$eissuing body.
=780  00$tBiocontrol science$x1342-4815
=852  41$aBritish Library$bDSC$j4825.808000$3Vol. 28, no. 1 (2023)-
=945  \\$aJournal- microorganism control
=959  \\$fCurrently received
=985  \\$aUnreported record (ISSN National Centre for Japan) on portal. Please add key title when ISSN is validated.
=CAT  \\$a11205$b40$c20230628$lBLL01$h1144
=CAT  \\$a11205$b40$c20230628$lBLL01$h1147
=CAT  \\$a11205$b40$c20230628$lBLL01$h1159
=CAT  \\$a11205$b40$c20230628$lBLL01$h1201
=CAT  \\$a11385$b40$c20230628$lBLL01$h1359
=CAT  \\$a11385$b40$c20230628$lBLL01$h1400
=CAT  \\$a5410$b40$c20230703$lBLL01$h1044
=CFI  0\$aCurrent copyright fee: GBP25.00$c0$e28-jun-2023$fGBP25.00$g0$hA$5Uk
=FIN  \\$aY$d20230628
=FMT  \\$a  SE
=LAS  \\$a5410$b40$c20230703$lBLL01$h1044
=LKR  \\$aPAR$b011101161$lBLL01$nBiocontrol science$mJournal of microorganism control$r78000
=TOC  \\$aETOC

